2928 4754
626 345 785 436 (η)

191 533 360 624 theologos
381 541 607 630 protestantes
627 530 792 600 ecclesiae
811 545 947 602 normae
965 517 1216 606 non'addictos

192 653 313 723 Wets
327 650 470 717 tetrius
492 646 657 734 originem
679 644 856 714 Paulinam
876 647 1034 736 epistolae
1051 649 1220 721 defendit.

233 763 339 852 Quod
362 763 483 849 attinet
510 761 554 826 ad
582 757 755 846 theologos
783 761 944 829 ecclesiae
969 765 1218 835 Romano-Cs-

190 877 363 958 tholieae,
385 879 410 942 ii
431 876 589 943 obstricti
612 875 750 941 decreto
772 877 885 963 primo
911 891 1048 964 quartae
1065 883 1221 950 sessionis

190 989 324 1080 Synodi
344 989 590 1066 Tridentinae,
614 987 716 1055 Paulo
737 990 895 1056 tribuunt
923 989 1109 1081 epistolam.
1149 995 1218 1062 In-

192 1117 328 1169 tereos
357 1125 438 1170 vero
467 1104 566 1170 etiam
591 1101 747 1185 fuerunt,
767 1089 831 1192 vqui
859 1098 1037 1168 Paulinam
1059 1104 1221 1190 originem

193 1214 392 1302 gravissimis
410 1218 613 1301 argumentis
628 1212 854 1280 defenderent
865 1239 875 1280 a
886 1213 978 1279 inter
991 1235 1077 1303 quos
1098 1218 1223 1287 eminet

192 1329 360 1420 professor
387 1327 570 1418 theologiae
596 1327 832 1411 Friburgensis
855 1324 1098 1398 celeberrimus
1125 1331 1224 1421 Hug

188 1447 225 1514 in
247 1445 360 1516 libros
393 1443 610 1531 Einles‘tung
636 1444 675 1509 in
703 1439 762 1507 die
788 1436 973 1526 Schriften
1006 1441 1071 1508 des
1098 1445 1150 1518 N.
1177 1447 1222 1516 T.

188 1554 280 1625 edit.
303 1559 338 1625 5.
360 1553 407 1620 Τ.
423 1555 469 1621 11.
491 1576 528 1644 p.
544 1554 609 1622 452
633 1573 712 1643 sqq.

230 1671 277 1736 lli
305 1669 501 1738 defensores
528 1663 689 1729 Paulinae
720 1659 858 1744 originis
885 1660 1046 1751 epistolae
1067 1668 1110 1735 ad
1145 1671 1224 1740 Hes

190 1777 311 1848 bracos
333 1779 460 1870 partim
489 1789 689 1863 argumenta
714 1791 832 1840 contra
867 1796 941 1840 cam
966 1774 1098 1868 prolata
1121 1781 1222 1850 laba·-
1344 1810 1353 1822 ¹

189 1891 338 1976 factare,
371 1889 496 1982 partim
514 1899 715 1973 argumenta
736 1909 804 1976 pro
825 1911 864 1954 ca
884 1909 1063 1977 exponere·
1079 1890 1221 1958 studue-

183 2019 279 2074 runt.
810 1991 813 1997 ¹

225 2119 253 2186 I.
279 2103 333 2185 Ad
360 2117 599 2206 argumentum
617 2123 737 2182 contra
757 2111 937 2180 Paulinam
960 2115 1126 2202 originem
1141 2117 1223 2205 pri·

187 2249 244 2298 mo
264 2235 340 2300 loco
359 2234 544 2322 prolatum
563 2227 797 2319 respondent,
821 2226 964 2296 Paulum
987 2229 1069 2297 ideo
1095 2253 1221 2298 nomen

186 2363 287 2415 snum
306 2347 386 2416 lruic
405 2343 567 2442 epistolae
587 2365 658 2410 non
678 2341 909 2432 praemisisse,
925 2341 1017 2434 quod
1036 2338 1124 2408 illud
1147 2345 1220 2412 lle-

187 2461 299 2529 braeis
327 2464 473 2530 invisum
495 2460 621 2541 sciret,
645 2471 790 2547 propter
810 2453 892 2542 legis
914 2457 1100 2540 Mosnicae,
1124 2459 1225 2544 cujus

187 2575 304 2639 adhuc
323 2572 553 2640 studiosissimi
571 2573 712 2662 patroni
727 2587 849 2652 erant,
873 2571 1127 2657 abrogationem
1146 2598 1165 2638 a
1184 2595 1225 2638 se

192 2683 424 2776 praedicatam
441 2697 476 2750 et
498 2685 690 2769 defensam,
713 2709 757 2750 nc
782 2710 800 2750 a
822 2682 967 2770 legenda
984 2685 1126 2775 epistola
1148 2685 1220 2752 de·

194 2810 408 2866 terrerentur
418 2823 429 2882 3
445 2775 572 2864 deinde
591 2797 733 2885 apostoli
751 2797 850 2863 titulo
867 2799 905 2864 in
921 2799 1062 2892 epistola
1082 2800 1125 2865 ad
1148 2801 1221 2869 lle·

190 2917 310 2983 lsraeos
324 2914 376 2979 uti
393 2910 559 2995 noluisse,
582 2909 747 3002 quoniam
766 2929 906 2976 munere
925 2911 1109 3000 apostolico
1127 2915 1219 2982 inter

157 3006 162 3014 ¹
189 3030 362 3098 Hebraeos
381 3024 435 3094 vel
451 3031 523 3104 rods
541 3031 576 3096 ἐκ
595 3033 651 3104 τῆς
670 3031 835 3108 περιτομῆς
852 3023 984 3088 solenni
1000 3022 1072 3091 fere
1089 3027 1220 3098 ratione

191 3157 223 3213 se
249 3143 432 3224 abdicans,
455 3142 533 3210 Gal.
551 3142 603 3217 ll,
628 3165 669 3228 9,
698 3159 737 3204 10
759 3139 1037 3227 propagationem
1068 3163 1226 3229 aranga--

185 3253 224 3326 lii
248 3275 381 3327 tantum
402 3258 492 3322 inter
521 3253 664 3342 gentiles
694 3250 915 3340 suscepisset,
948 3251 1002 3320 v'el
1030 3255 1215 3328 modestiae

188 3397 308 3458 causa,
330 3370 493 3461 qnoniam
509 3369 621 3436 Jesum
640 3366 742 3451 lll,s
766 3365 972 3435 nominasset
1001 3372 1213 3462 apostoluma

193 3550 396 3574 Μ

118 3672 122 3688 “
185 3663 240 3730 ‘ee't3
260 3658 340 3716 verbs
358 3645 388 3711 C.
406 3653 487 3716 lllll,
506 3667 550 3722 19:
576 3635 623 3702 ἵνα
645 3653 741 3720 τάχιον
761 3651 987 3710 ἀποκατασταθῶ
1013 3653 1093 3725 durs,
1119 3663 1213 3720 varein

193 3749 305 3803 rllarnit
322 3745 365 3801 ich
382 3744 447 3799 each
463 3741 536 3796 desto
553 3739 616 3794 cher
632 3741 725 3794 wieder
740 3739 880 3808 geschenlt
895 3741 1018 3795 'arder’'
1037 3741 1212 3805 innotuere

193 3827 235 3885 iris
246 3833 461 3903 serbis'adjun‘cts
474 3830 513 3884 its
527 3826 639 3896 indicat:
676 3827 843 3884 sVielleicbt
861 3828 944 3884 heisst
958 3827 1055 3884 disses:
1072 3831 1155 3889 damis
1168 3837 1221 3892 iels'

191 3923 239 3972 ‘sos
254 3919 297 3974 dar
319 3915 537 3990 Gelangenschaft
556 3916 675 3986 belreyet
699 3915 809 3972 aarum
836 3915 938 3972 Dubius
954 3933 1014 3984 ergo
1027 3916 1128 3991 haesit,
1143 3926 1213 3995 qnod
1294 3915 1299 3921 ⁵

192 4007 301 4076 apertius
322 4007 349 4059 in
366 4006 419 4060 scis
435 4004 650 4078 praelectionibus
668 4000 799 4058 confessus
813 4013 866 4078 sst;
881 4005 910 4059 in
925 4021 1005 4076 eoque
1025 4005 1176 4072 dissentiens
1194 4031 1211 4070 a
1255 3995 1267 4022 ¹

190 4093 292 4151 doctore
309 4114 356 4151 suo
375 4091 501 4156 sanatio.
1102 4081 1108 4094 ⁰
