2878 4758
532 381 709 476 (⁵29)

54 582 126 647 cia
168 591 235 642 sut
265 567 427 666 pudenda
464 568 644 635 confluunt
669 567 967 664 celebranturque.
1014 559 1128 661 ¹igitur

56 694 205 784 primo
228 683 401 773 correpti,
432 683 493 774 qui
513 680 732 767 fatebantur,
762 680 889 774 deiude
915 684 1045 754 indicio
1063 710 1128 754 co·

61 826 160 870 rum
188 796 378 867 multitudo
402 795 524 880 iugens
551 792 644 861 haud
670 795 816 885 perinde
837 799 875 866 in
902 800 1044 868 crimine
1069 804 1131 866 in*

65 915 212 984 cendii
234 934 336 1004 quam
355 907 434 976 odio
451 906 592 974 humani
607 911 740 994 generis
757 915 904 979 convicti
922 913 1047 981 suut.''
1062 955 1064 960 -
1078 916 1131 979 ltu

68 1030 236 1095 Tacitus
259 1023 402 1090 idoneus
427 1019 527 1106 hujus
551 1019 602 1087 rei
628 1021 782 1102 arbiter,
808 1024 939 1115 quippo
962 1022 1032 1107 iam
1053 1019 1130 1090 Ve-

70 1124 478 1228 spasiani'temporibus
498 1151 700 1228 procurator
725 1135 853 1204 Galliae
869 1135 979 1201 factus
1001 1151 1035 1201 et
1056 1133 1135 1201 ideo

71 1246 247 1317 incendii
272 1245 387 1337 paullo
413 1260 492 1312 cute
518 1244 602 1312 facti
626 1244 701 1311 sine
725 1241 835 1314 dubio
859 1248 953 1314 testis
981 1247 1135 1314 oculatus

73 1381 303 1449 eorumque,
325 1381 412 1448 quac
434 1355 477 1423 de
496 1356 698 1424 Christianis
723 1374 796 1424 tum
820 1360 985 1447 temporis
1002 1357 1133 1446 judicis

77 1477 221 1542 Romae
243 1472 464 1555 ferebantur,
485 1469 732 1558 benc'gucrus.
776 1469 868 1537 Male
889 1469 991 1556 igitur
1022 1467 1131 1538 Chri-

82 1587 197 1656 stiaui
212 1587 277 1654 sub
292 1602 426 1676 tempus
445 1581 626 1666 incendii,
649 1605 718 1674 quo
740 1582 883 1673 epistole
904 1595 1020 1650 nostra
1040 1585 1132 1653 scri·

83 1719 151 1792 pta
170 1718 245 1785 est,
267 1697 471 1780 audiebant,
492 1713 528 1766 et
546 1695 776 1792 periculosum
791 1711 865 1763 eret
879 1696 1006 1765 Romae
1022 1697 1131 1796 Chri-

83 1818 240 1883 stiauum
269 1837 354 1882 csse.
396 1812 488 1878 Hinc
514 1827 611 1878 cauto
641 1827 677 1877 ct
704 1812 950 1904 circumspecte
977 1811 1134 1882 ct.saluti

87 1927 371 1997 Christianorum
393 1924 593 2006 consulens,
612 1940 838 2015 metuensque
862 1948 905 1992 ne
929 1923 1073 2016 epistole
1095 1927 1135 1993 in

86 2042 217 2108 alienas
241 2061 362 2108 manus
384 2041 538 2122 veniret,
560 2039 699 2132 scripsit
719 2038 791 2105 fine
813 2037 994 2126 epistolam
1016 2042 1132 2112 oed-

88 2160 193 2243 ζονται
211 2159 296 2240 ὑμᾶς
314 2157 342 2224 ol
359 2155 425 2224 dori
443 2162 501 2241 τῆς
519 2154 670 2233 Ἰταλίας·
699 2148 818 2220 Noluit
832 2150 1043 2220 Christianos
1060 2157 1138 2240 Ro-

91 2289 211 2333 manos
233 2266 436 2351 nominare,
461 2289 505 2333 nc
528 2266 730 2334 detrimenti
752 2266 838 2357 quid
861 2282 1011 2356 cuperet.

138 2379 277 2467 Quanto
295 2376 355 2441 lux
377 2376 492 2443 multis
516 2377 589 2446 aliis
610 2380 695 2446 locis
713 2378 876 2471 epistolae
894 2397 1046 2461 nostrae,
1064 2403 1134 2471 po·

98 2491 161 2559 sito
180 2489 266 2569 hoc,
287 2488 383 2582 quod
404 2487 448 2556 de
469 2487 599 2576 origiue
619 2493 714 2578 ejus,
735 2508 771 2560 et
790 2493 1035 2562 consuetudine
1066 2521 1132 2562 su·

100 2604 200 2672 ctoris
225 2626 304 2671 oum
332 2602 462 2670 Seneca
488 2604 654 2692 exposui,
683 2603 900 2689 affundetur,
932 2608 1044 2700 capite
1073 2631 1132 2677 sc·

101 2717 291 2806 cundojsm
309 2716 449 2784 uberius
471 2717 620 2797 ostendi,
641 2734 677 2784 et
697 2717 791 2784 hunc
816 2718 1042 2809 praecipuum
1060 2722 1133 2790 fru-

104 2851 192 2902 ctum
212 2854 303 2916 essc,
326 2833 446 2923 quiin
469 2827 648 2921 epistolem
670 2828 714 2896 cd
737 2829 909 2899 Hebraeos
927 2833 992 2902 rite
1016 2836 1133 2925 expli.

104 2947 242 3016 crudum
262 2944 517 3014 redundaturus
533 2943 578 3014 sit
595 2967 638 3014 cx
658 2967 733 3016 mea
752 2944 886 3036 opella,
908 2970 980 3016 uon
1006 2964 1133 3018 temero

107 3060 247 3131 confido.

146 3179 227 3246 Cum
243 3193 420 3271 praetereo
440 3177 477 3244 iu
497 3173 650 3266 Epistola
664 3172 708 3241 ud
727 3173 898 3244 Hebraeos
917 3176 1004 3244 nihil
1020 3203 1128 3270 repc-

106 3291 224 3370 riatur.
247 3290 341 3383 quod
364 3316 383 3357 s
403 3289 499 3356 Pauli
519 3292 656 3376 iugenio
680 3307 714 3357 ct
731 3291 826 3357 Pauli
850 3293 1061 3380 temporibus
1086 3296 1132 3360 sit

111 3405 265 3489 clieuum,
289 3430 367 3473 cum
386 3404 572 3496 pleraque,
597 3428 684 3493 quoe
702 3404 740 3474 iu
754 3402 813 3469 ills
832 3425 1043 3488 occurrunt,
1067 3431 1133 3496 pro

112 3517 202 3586 Paulo
222 3535 359 3589 auctore
386 3518 536 3601 facient,
557 3517 696 3585 Paulina
719 3521 943 3604 tumorosos
964 3538 999 3588 ct
1017 3528 1128 3602 ὥλλη·

115 3635 287 3720 rotatum,
308 3633 452 3703 Paulina
473 3635 614 3720 νοήματα
634 3649 669 3700 et
687 3635 835 3720 δδγματα
857 3634 946 3726 (9),
968 3635 1148 3704 Judricre·

144 3911 200 3976 (9)
223 3904 295 3971 Qutc
317 3909 433 3966 Ueteri
458 3910 485 3963 itt
508 3909 594 3965 libro:
626 3907 839 3980 Entwickelung
856 3910 905 3964 der
926 3911 1127 3968 Paulinisohett
1208 3893 1210 3896 Ι

116 3991 316 4066 hhrbegriffen,
334 4007 463 4068 tamquam
481 4000 569 4052 τύπον
587 3995 709 4064 διδαχῆς
725 3994 869 4067 Paulinae,
883 4015 913 4050 cr
932 3998 1056 4055 tredecim
1070 4003 1128 4072 cpi-
