2928 4754
586 347 756 439 (ιι).

151 544 293 614 ultimus
315 537 482 608 cervicem
502 530 708 624 praeberet?
754 525 853 598 Idem
869 525 1018 596 summus.
1055 528 1180 614 Magno

122 636 130 642 ⁵
154 654 386 731 aestimamus,
409 646 539 714 tardius
553 648 651 712 mori.
674 637 739 707 ’[ιι
762 632 878 706 omnes
897 642 1115 708 constitutum
1130 653 1185 710 est

154 764 300 858 ospitale
322 757 549 850 supplicium,
563 771 599 822 et
616 748 756 844 quidem
775 747 1013 814 constitutione
1030 751 1179 836 justissi-

42 949 46 952 ,
151 881 245 948 ma’'
287 879 338 942 De
365 870 504 938 Provid.
530 872 570 936 6.
617 863 868 938 «Contemnite
899 878 1062 960 mortem,
1095 886 1179 954 quae

151 1013 210 1064 vos
235 961 295 1054 sut
322 985 400 1066 finit
419 999 476 1046 aut
494 974 665 1047 transfert.
689 1001 725 1020 ·-
745 972 880 1070 Ipsum
878 967 985 1052 illud,
1009 973 1102 1068 quod
1119 999 1182 1044 vo·

155 1118 255 1169 catur
277 1097 383 1180 mori,
407 1116 476 1182 spuo
505 1088 614 1158 enimn
639 1081 788 1156 discedit
809 1108 829 1149 ι
859 1104 1024 1172 corpore,
1048 1088 1186 1156 brevius

154 1229 209 1280 est
231 1201 333 1300 quam
355 1223 394 1272 ut
421 1201 540 1272 sentiri
568 1215 662 1268 tauta
688 1196 846 1269 velocitas
874 1185 1008 1286 possit(
1047 1199 1187 1290 Ecquid

155 1319 379 1406 erubescitis?
424 1313 528 1405 Quod
553 1329 620 1380 tam
649 1313 716 1382 cito
747 1313 808 1396 fit,
832 1310 955 1378 timetis
977 1309 1099 1380 diut”

198 1432 258 1498 His
275 1447 310 1498 et
328 1425 492 1498 similibus
512 1424 717 1514 argumentis
738 1423 865 1491 Seneca
887 1423 924 1490 in
938 1421 1093 1491 omnibus
1112 1421 1188 1492 fere

155 1517 293 1632 seriptis
318 1547 436 1608 eontra
458 1555 586 1608 metum
613 1539 732 1604 mortis
757 1539 884 1602 animos
904 1533 1070 1624 lectorum
1100 1561 1189 1631 mu·¹

154 1659 232 1730 nire
254 1678 381 1752 eosque
407 1669 578 1742 tamquam
600 1651 774 1737 mancipia
798 1669 907 1720 metus
929 1649 1046 1718 mortis
1069 1650 1107 1716 in
1134 1648 1185 1716 li·

154 1771 322 1840 hertetem
360 1789 535 1850 asserere,
575 1762 801 1856 maximopere
831 1741 998 1874 elahorat.
1051 1761 1182 1832 Auctor

155 1881 319 1974 epistolae
342 1897 500 1957 nostrae,
523 1879 648 1944 horum
660 1895 929 1978 praeceptorum
946 1876 1078 1971 Stoicae
1101 1874 1187 1966 phi-

150 1995 325 2082 losophiae
347 2017 418 2060 non
434 1995 591 2078 ignarus,
616 1987 796 2055 contendit
820 2013 867 2055 vs.
884 1991 923 2056 14
941 2005 976 2054 et
998 1995 1059 2072 15,
1080 1989 1189 2060 multo

149 2103 269 2174 melius
295 2125 415 2172 eontra
438 2105 558 2172 mortis
583 2117 711 2168 metum
740 2101 869 2169 animos
898 2103 1026 2168 muniri
1051 2104 1157 2174 fide
1147 2130 1186 2172 ra

149 2197 348 2301 Christum,
373 2223 503 2314 quippe
530 2217 590 2308 qui
617 2232 727 2322 morte
752 2239 809 2280 sua
837 2233 871 2284 et
893 2240 965 2282 eam
984 2237 1098 2288 secuta
1125 2243 1185 2284 re.

148 2336 359 2408 surrectione
378 2349 413 2398 et
437 2331 595 2404 doctrina
616 2345 743 2395 certam
763 2351 858 2418 spem
882 2326 1018 2396 alterius
1045 2334 1188 2424 ejusque

150 2446 297 2514 melioris
316 2449 405 2513 vitae
432 2445 529 2510 nobis
563 2439 705 2525 feeerit,
742 2464 850 2529 eaque
874 2444 991 2509 mortis
1014 2462 1141 2512 metum
1168 2423 1189 2514 a

149 2561 220 2628 suis
236 2558 368 2624 asseclis
386 2557 589 2662 propulerit.
637 2557 751 2646 Quem
771 2553 967 2646 philosophi
985 2559 1192 2665 ριίιιιιιιίιιιιιΙ

150 2655 259 2737 finem
290 2690 428 2733 suorum
459 2684 721 2757 praeceptorum
752 2683 788 2732 et
818 2659 1035 2736 decretorum
1061 2669 1181 2738 deela-

151 2799 253 2872 rant3
277 2782 326 2864 is,
348 2781 484 2882 inquit,
507 2795 558 2844 est
580 2781 760 2874 primarius
779 2782 880 2845 etism
900 2781 979 2844 finis
999 2785 1183 2868 evangelii,

150 2918 276 2984 nempe
303 2910 421 2994 eontra
447 2894 566 2965 mortis
593 2909 721 2960 metum
744 2891 877 2956 munire
907 2889 1047 2958 animos.
1105 2895 1188 2965 Ideo

149 3026 266 3080 auctor
290 3007 455 3094 evangelii
485 3007 640 3074 assumsit
666 3021 825 3110 naturam
846 2998 1044 3090 humanam,
1071 3025 1109 3073 ut
1127 3033 1187 3076 sua

146 3137 256 3190 morte
275 3145 371 3201 eum,
396 3123 455 3212 qui
480 3123 534 3206 jus
559 3121 652 3186 necis
675 3119 792 3204 hahet,
819 3118 1008 3186 destrueret
1036 3137 1070 3187 et
1102 3125 1180 3189 ani·

152 3256 225 3302 mos
248 3233 414 3302 serviliter
440 3251 581 3300 mortem
611 3250 801 3300 metuentes
825 3260 844 3300 a
866 3233 983 3299 mortis
1012 3252 1104 3301 metu
1130 3237 1181 3302 li-

149 3348 297 3416 beraret.
341 3325 516 3432 Persuasio
538 3347 581 3414 de
613 3340 809 3416 animorum
824 3347 1039 3438 perennithte
1062 3367 1097 3418 et
1127 3351 1181 3420 al-

151 3473 222 3525 tera
250 3483 356 3550 eaque
388 3461 538 3527 beatiore
575 3463 642 3526 vita
671 3479 749 3555 post
780 3479 924 3526 mortem
950 3464 1182 3550 expectanda,

151 3596 252 3670 quam
275 3575 413 3641 Christo
439 3575 599 3658 docenti,
623 3576 782 3642 morienti
802 3592 835 3640 et
858 3577 1047 3662 resurgenti
1069 3575 1188 3644 debe·

148 3705 244 3766 mus,
277 3685 385 3755 multo
417 3689 583 3755 efficacius
621 3712 723 3778 quam
760 3711 961 3784 paraeneses
1000 3689 1130 3758 Stoicae
1162 3716 1182 3758 a

149 3795 264 3869 servili
285 3801 401 3870 mortis
423 3819 515 3872 metu
535 3801 697 3872 liberant.
