2940 4780
701 384 881 478 (ιιι)

279 577 371 647 miue
399 573 565 660 satorum,
599 572 636 648 iu
670 591 740 664 quo
766 574 935 662 cujusque
972 567 1040 636 iata
1070 565 1201 658 scripta
1231 551 1315 635 tuni

281 694 346 762 Pa*
359 690 562 770 cxxxix,
589 690 640 757 16.
686 687 777 754 Hine
794 705 865 752 nou
885 698 1046 759 vocatus,
1067 679 1128 747 aed
1147 679 1246 776 prior
1267 681 1314 749 ad

281 795 426 875 mortem
452 799 666 871 subeundam
689 798 819 880 adfuit,
841 796 925 863 hine
952 793 1067 862 dicere
1086 794 1221 889 potuita
1243 797 1317 881 {sisar

282 907 503 1002 Ιιιῦίιίιῑῑννὲι,
525 921 541 988 δ
563 919 648 998 θεὸς,
670 916 707 986 ri
727 915 849 999 θέλημά
870 938 935 983 σου.

321 1035 364 1101 iu
378 1041 430 1105 ”vs
446 1055 487 1120 27
509 1030 670 1118 leguntur
686 1029 791 1097 haece
814 1027 892 1098 Καθ’
914 1027 982 1098 ὅσον
1000 1024 1164 1096 ciuitatem
1181 1035 1246 1102 eois
1260 1029 1318 1097 dr·

280 1152 402 1236 ipo'rsore
424 1145 515 1231 ἅπαξ
530 1149 715 1228 ἀποθανεῖν,
738 1145 823 1230 μετὰ
844 1146 876 1214 δὲ
896 1149 986 1213 τοῦτο
999 1145 1106 1228 κρίσις.
1149 1137 1317 1224 Schola

280 1262 318 1330 iu
340 1275 423 1330 nota
441 1261 483 1330 at
514 1259 559 1328 ad
588 1260 682 1327 huno
705 1258 821 1327 locum
845 1261 941 1343 ιιρΙιιν
965 1255 1003 1322 iu
1024 1277 1126 1322 seusu
1149 1251 1320 1323 deteriore

279 1374 483 1443 tumendum
496 1398 569 1443 esse
586 1390 707 1467 putat,
729 1372 826 1442 nteit
844 1371 959 1456 idem,
982 1369 1075 1462 quod
1096 1371 1222 1448 κόλασις
1239 1368 1317 1443 aiei·

282 1495 364 1574 νιοξς
390 1491 445 1581 eui
467 1488 669 1560 Wahiius
689 1489 791 1555 etiam
806 1484 844 1552 iu
868 1486 969 1554 Οἰιινί
987 1487 1050 1552 sub
1068 1483 1135 1554 huo
1152 1506 1235 1553 toee
1249 1483 1318 1550 ad·

286 1602 495 1693 stipulatur,
519 1619 555 1670 et
575 1601 737 1670 Biihme
765 1601 803 1666 iu
823 1597 890 1668 l.l.
918 1623 957 1689 p.
976 1599 1051 1669 445.
1102 1599 1321 1691 Quamquam

282 1713 443 1786 lubenter
462 1715 609 1808 largior,
631 1717 698 1786 hoe
718 1737 820 1783 seusu
841 1713 1012 1782 deteriore
1031 1711 1150 1782 voeem
1168 1716 1264 1804 spisse
1279 1713 1319 1782 iu

280 1831 326 1900 N.
346 1833 393 1898 T.
413 1846 449 1898 ot
468 1831 506 1898 in
526 1829 681 1922 Epistola
703 1825 747 1896 ad
773 1827 945 1895 Hebraeos
967 1827 1053 1915 (X,
1076 1847 1142 1916 27,
1166 1829 1233 1917 50)
1255 1850 1315 1896 re·

277 1946 416 2037 periri,
444 1945 513 2014 hoo
541 1960 653 2014 tamen
682 1941 760 2011 loco
787 1941 832 2009 ob
869 1957 1066 2010 contextum
1086 1963 1187 2008 sensu
1208 1940 1324 2010 latiori

283 2057 486 2152 accipienda
506 2081 581 2124 esse
603 2056 750 2125 videtur.
807 2057 1024 2147 Comparatio
1042 2055 1084 2124 ab
1107 2060 1248 2126 auctore
1265 2054 1320 2124 iu·

286 2173 439 2240 stituitur
465 2171 519 2238 his
545 2171 682 2262 verbius
718 2169 1019 2259 Quemadmodum
1043 2171 1082 2242 iu
1101 2170 1180 2240 fatis
1202 2173 1319 2241 homi·

288 2311 372 2357 uum
385 2303 458 2373 est,
480 2282 584 2354 semel
598 2299 731 2351 tautum
749 2272 914 2370 mortem,
938 2275 1106 2358 tumuere
1124 2291 1235 2375 κρίσιν,
1257 2290 1269 2376 j
1275 2309 1318 2352 u·

285 2402 417 2471 dicium
433 2399 574 2484 subire,
596 2397 643 2466 ita
662 2398 840 2485 Christus,
862 2419 1046 2493 postquam
1067 2404 1172 2471 semel
1188 2400 1319 2476 oblatus

279 2523 339 2584 ‘est
362 2513 406 2583 ad
425 2511 579 2582 tollenda
598 2511 785 2582 multorum
806 2531 966 2606 peccata,
989 2514 1230 2588 secundariae
1247 2519 1316 2585 Ιιο·

274 2627 443 2699 ‘minibus
456 2632 577 2719 ἰριιιιιιι
591 2628 863 2719 expectantibus
878 2633 1081 2724 apparebit,
1103 2653 1320 2726 nequaquam

286 2760 325 2811 ut
343 2760 485 2836 peccata
505 2766 622 2811 eorum
648 2743 788 2838 expiet,
819 2745 880 2814 sed
908 2744 1116 2815 salutem'iis
1139 2745 1315 2832 largiatur·

285 2859 324 2929 Si
337 2841 411 2927 ⁴sub
439 2881 521 2930 vooe
542 2845 827 2946 uplete'seutentia
848 2858 1125 2929 condemnatoria
1141 2877 1176 2928 et
1194 2865 1320 2941 κόλιννις

280 2970 510 3061 intelligenda
529 2990 640 3059 esset3
672 2973 719 3040 ita
738 2975 1027 3064 comparationem
1048 2978 1138 3052 inter
1165 2973 1320 3041 homiues

284 3088 388 3155 morti
412 3103 447 3153 et
467 3075 598 3172 judicio
623 3089 786 3164 obnoxios
808 3103 843 3154 et
862 3087 1037 3164 Christum
1055 3089 1232 3162 instituere
1251 3087 1318 3155 de·

287 3198 419 3268 buisset
434 3217 573 3284 auctor,
597 3216 636 3267 ut
652 3199 807 3269 discreta
827 3201 923 3274 Jesus
938 3204 1048 3294 prima
1068 3203 1140 3273 viee
1157 3203 1320 3294 apparuit

271 3309 509 3394 ‘homiuibus,
540 3329 580 3386 ut
608 3303 643 3379 se
674 3315 847 3382 victimam
876 3303 1037 3402 offerret,
1067 3293 1218 3388 secunda
1244 3317 1318 3385 vioe

275 3423 493 3516 apparebit,
516 3445 555 3496 ut
571 3426 725 3498 homiues
743 3427 956 3504 refractarios
978 3431 1110 3523 puniat.
1143 3433 1233 3518 Ergo
1248 3431 1318 3515 κρῖ·

289 3569 337 3644 σιρ
350 3529 541 3608 seeundum
562 3557 759 3616 contextum
780 3543 893 3615 latiori
914 3571 1015 3616 seusu
1028 3545 1229 3636 accipienda
1246 3561 1318 3626 est,

281 3663 328 3720 ‘ut
347 3652 537 3742 judicium.
530 3655 671 3756 quod
678 3655 874 3750 hominibus
895 3679 974 3780 post
994 3639 1139 3754 mortem
1161 3661 1317 3767 subeun-

288 3765 374 3834 dum
392 3785 462 3852 est,
484 3769 520 3835 iu
540 3769 736 3858 universum
754 3769 914 3862 denotet,
939 3770 1035 3867 cujus
1056 3755 1269 3870 'consequeus
1286 3788 1322 3838 et

288 3882 438 3970 praemia
461 3899 597 3951 aeterua
615 3902 650 3953 et
647 3909 801 3988 poenae
824 3907 980 3958 aeternae
997 3904 1093 3981 suut,
1115 3891 1163 3958 ita
1183 3905 1223 3956 ut
1243 3885 1318 3956 dies

166 4071 168 4076 ,
290 3997 408 4066 mortis
428 4019 492 4085 pro
512 3975 715 4084 decretorio
736 4005 814 4088 die,
839 4027 945 4095 aquo
970 4028 1040 4074 sors
1060 4002 1206 4092 cujusvis
1224 4024 1316 4104 paug·
