2928 4754
689 301 852 388 (¹8)

415 485 490 579 ptis
508 483 634 585 simile,
647 499 683 552 et
695 484 934 552 convenientia
952 482 1104 551 locorum
1126 507 1288 580 quemme

420 601 499 667 dam
515 594 592 667 curia
610 597 765 666 Philonis
784 602 944 690 scriptis,
969 617 1003 667 et
1023 600 1163 688 phrases
1184 603 1287 676 iniis

414 713 539 804 passim
558 709 686 778 obviae.

370 827 403 894 5.
425 826 619 915 Descriptio
643 825 764 914 templi
784 817 1077 918 Hierosolymitani
1100 840 1134 893 et
1156 824 1288 916 rituum

393 935 455 1002 ‘in
481 959 522 1004 eo
545 940 663 1034 peragi
690 937 887 1021 solitorum,
919 964 1006 1028 quse
1032 962 1103 1004 non
1130 957 1289 1010 accurate

416 1071 496 1116 eum
524 1051 783 1140 descriptione,
819 1075 905 1140 quae
933 1050 971 1116 in
997 1051 1042 1122 V.
1065 1049 1109 1116 Τ.
1137 1049 1285 1136 legitur,

412 1161 614 1233 concordat.

367 1277 400 1349 4.
420 1272 545 1344 Paulus
567 1272 704 1341 Iudaeis
726 1289 763 1340 et
786 1269 990 1340 Christianis
1017 1271 1283 1342 Palaestinensi-

411 1389 477 1458 bus
493 1386 621 1455 invisus
641 1407 712 1453 nou
732 1405 829 1451 ausus
852 1403 957 1465 esses,
980 1384 1025 1451 ad
1039 1408 1095 1453 eos
1109 1386 1279 1469 seribere,

406 1514 499 1566 eerte
524 1520 597 1568 non
623 1495 855 1588 promisisset,
885 1521 921 1568 se
954 1521 1010 1568 eos
1041 1500 1151 1571 visere
1180 1498 1276 1566 etin

404 1612 528 1678 urbem
557 1609 676 1680 venire
705 1609 818 1698 velie,
847 1611 885 1679 in
907 1635 975 1704 qua
1003 1626 1054 1681 tot
1080 1611 1169 1692 maia
1192 1633 1275 1702 per·

332 1791 334 1798 ,
405 1745 525 1814 pessus
547 1741 632 1792 erat·

442 1838 628 1933 Quomodo
647 1839 734 1916 haee
753 1839 885 1919 omnia,
909 1837 1028 1928 positis
1043 1839 1110 1925 iis,
1132 1863 1218 1934 quae
1233 1838 1280 1906 de

402 1951 534 2038 origine
564 1949 727 2048 epistolae
754 1951 792 2020 in
819 1952 989 2042 capitibus
1019 1976 1079 2024 sex
1104 1954 1279 2043 prioribus

362 2157 366 2164 Ι
404 2079 550 2135 tractata
569 2083 670 2150 sunt,
691 2083 917 2153 evanescant,
938 2067 1077 2135 uberius
1098 2066 1254 2164 dooetur.

258 2260 261 2270 Δ
316 2180 356 2250 Β.
378 2179 454 2248 Lux
474 2177 598 2251 clarior
613 2178 726 2250 multis
749 2179 854 2265 locis,
877 2206 964 2276 quae
982 2181 1062 2260 alias
1079 2182 1276 2250 obscurita-

356 2311 391 2363 te
410 2285 559 2388 quadem
576 2293 757 2380 laborant,
779 2296 993 2366 effunditurs

303 2429 306 2434 ·
330 2499 333 2507 Ι
354 2431 387 2480 ι.
412 2409 490 2476 Huc
512 2412 665 2499 pertinet
689 2410 798 2480 Hebr·
816 2411 925 2495 XIII,
949 2412 1096 2502 18‚19=
1133 2411 1277 2495 Προσεύ-

399 2527 497 2609 χεσθε
518 2526 587 2611 περὶ
612 2529 698 2622 ἡμῶν.
717 2562 761 2577 -
781 2526 1046 2596 ἀποκατασταθῶ·

252 2729 254 2732 v
319 2677 323 2686 ·
354 2656 391 2706 2·
412 2636 490 2703 Hue
515 2639 669 2730 pertinet
690 2637 786 2720 loeus
805 2637 912 2721 XIII,
935 2641 991 2708 25.

232 2730 267 2746 ε’
311 2779 313 2782 ·
355 2752 391 2820 5.
414 2753 525 2820 Locus
542 2751 646 2838 XIII,
669 2749 1090 2838 auctorisaremus
1114 2747 1274 2818 doctores

391 2882 428 2934 et
443 2866 611 2938 antistites
630 2883 751 2963 ‚coetus
776 2867 979 2936 Christiani.
1024 2865 1100 2934 Cir.
1119 2887 1170 2942 ss.
1193 2889 1213 2954 7
1236 2879 1270 2931 et

392 3005 521 3070 vs017.

345 3098 382 3168 4·
406 3101 448 3168 Oi
469 3099 533 3168 set
554 3105 611 3174 sis
633 3097 798 3173 ’leuatae
820 3115 871 3164 vs.
893 3093 948 3162 24.

231 3283 235 3290 ,
310 3211 352 3278 C.
376 3209 557 3280 Sententia
576 3207 620 3276 de
637 3233 728 3276 nexu
744 3206 892 3297 auctoris
908 3203 1074 3294 epistolae
1090 3226 1168 3272 cum
1184 3203 1272 3294 phi·

347 3320 492 3412 losopho
526 3319 643 3388 Stoico
677 3345 750 3390 non
780 3336 832 3388 est
861 3317 965 3408 impia
993 3335 1029 3386 et
1068 3321 1272 3387 auctoritate

346 3432 548 3526 Apostolica
573 3434 671 3501 Pauli
690 3433 845 3520 indigna·
1176 3519 1180 3530 ὓ

227 3629 230 3636 ,
354 3573 395 3622 ι.
409 3551 560 3636 Omnia,
584 3574 670 3646 quae
689 3573 841 3642 unquam
857 3549 1026 3640 sopientes
1045 3540 1111 3607 viri
1127 3539 1171 3608 do
1191 3543 1267 3612 Deo

392 3665 564 3755 rebusque
587 3662 712 3730 divinis
728 3664 881 3732 meditati
898 3677 933 3728 et
952 3655 1060 3726 locuti
1078 3668 1178 3733 sunt,
1201 3654 1267 3730 in-,

395 3797 448 3848 ter
469 3767 712 3848 saeratissimo
731 3780 926 3848 cohaerent·
987 3837 989 3844 ,

345 3915 379 3966 2.
402 3895 499 3983 Quae
517 3898 555 3961 in
572 3893 724 3982 epistolis
744 3891 892 3960 Paulinis
912 3904 947 3957 et
969 3886 1006 3952 in
1027 3896 1143 3948 nostra
1164 3881 1262 3952 Stoi-

296 4014 307 4092 ,
396 4031 513 4089 eorum
533 4007 662 4100 piacita
683 4009 844 4100 sapiunt,
867 4029 907 4074 ea
933 3997 1168 4096 auctoritatem
1191 3995 1260 4064 ba-
