2940 4780
671 349 687 438 l
726 343 770 419 84
810 340 839 436 )1

191 619 196 624 ⁴
244 529 373 602 &nica
397 533 507 624 Epist.
529 529 594 604 832
631 527 762 603 «Nihil
787 529 1009 602 Deoclueum
1028 521 1103 619 est,
1124 533 1294 603 interest·

244 649 364 734 animis
392 647 514 716 nostris
539 662 574 712 et
598 644 858 732 cogitationibus
880 645 1014 712 ¹mediis
1051 646 1274 718 intervenit.”

241 764 338 848 Diog.
367 759 674 847 Laert.V11,147.
703 761 878 828 Zenonem
894 761 942 825 ita
965 759 1010 834 de
1029 761 1102 828 Deo
1124 760 1279 827 statuisse

241 875 428 965 perhibeto
460 882 570 953 Κοινῶς
590 893 627 944 τε
653 875 706 944 ael
738 877 773 944 ri
801 876 891 960 μέρος
913 878 1008 943 αὑτοῦ
1033 876 1069 942 τὸ
1102 877 1201 953 διῆκον
1227 875 1279 944 besl
1343 887 1346 892 '

244 992 387 1066 πάντων,
410 985 448 1054 id
468 1003 536 1056 esta
574 988 619 1056 Et
637 1001 726 1053 totus
745 1001 780 1052 et
802 1007 844 1052 ex
866 1003 966 1075 parte
983 985 1098 1054 omnia
1113 1001 1282 1074 permeet.

245 1103 368 1168 Cicero
379 1100 428 1168 de
454 1104 574 1170 Natur.
593 1101 693 1168 Deor.
713 1099 792 1167 Lib.
813 1099 850 1185 Ι,
875 1123 927 1169 ιι.
949 1100 997 1166 ita
1021 1098 1215 1166 Stoicorum
1237 1097 1285 1166 de

167 1233 168 1238 ’
248 1217 320 1282 Deo
355 1217 561 1283 sententiam
595 1212 774 1306 exprimite
830 1243 848 1286 a
866 1213 978 1280 Deum
1007 1235 1078 1280 esse
1116 1211 1287 1280 rationem

248 1327 422 1418 quandam
444 1349 660 1417 peromnem
678 1342 833 1394 naturam
854 1328 1109 1417 pertinentem,
1128 1325 1183 1396 vel
1204 1325 1284 1392 eni·

248 1459 341 1510 mum
366 1464 430 1531 per
446 1457 748 1510 naturamvrerum
770 1463 907 1510 omnem
932 1440 1106 1510 intentum
1127 1453 1164 1509 et
1185 1453 1287 1510 conr·-¹

247 1555 456 1624 meantem.”
553 1547 555 1554 ’
1292 1553 1297 1560 '

293 1665 400 1735 Porro
426 1667 464 1734 in
489 1668 555 1738 isto
587 1669 680 1739 libro
710 1665 886 1740 Philonisr
923 1669 1013 1760 Quis
1037 1691 1153 1740 rerum
1176 1665 1289 1734 diua.-

246 1783 388 1863 baeres,
418 1782 525 1851 multa
552 1801 691 1869 extant,
722 1806 809 1876 quae
839 1780 954 1851 Stoica
984 1784 1133 1878 eupiunt.
1184 1777 1286 1848 Philo

250 1895 319 1979 ibi,
343 1899 429 1965 sicut
452 1897 581 1976 Stoici,
614 1897 742 1967 dividit
764 1895 937 1964 hominem
960 1897 999 1964 in
1026 1917 1176 1988 corpus,
1208 1891 1289 1960 ani·

252 2032 340 2078 mem
367 2008 564 2077 sensibilem
576 2027 611 2078 et
629 2017 716 2086 νοῦν,
742 2023 778 2075 et
794 2003 953 2098 loquitur
972 2010 1017 2079 de
1036 2010 1120 2098 λόγῳ
1138 2031 1289 2094 exspuat·

252 2129 326 2212 οικῷ
357 2149 395 2217 p·
416 2125 503 2211 497.
527 2125 570 2190 D.
612 2123 654 2190 In
685 2123 879 2192 Stoicorum
911 2126 1051 2217 scriptis
1084 2142 1165 2194 vero
1196 2121 1291 2204 uass

255 2241 466 2324 σοοερμοοοκὸο
492 2253 528 2304 et
549 2238 661 2322 λόγους
678 2243 907 2326 σπερματικοὺς
925 2237 1118 2338 saepissime
1139 2257 1292 2304 comme·

255 2353 401 2434 morari,
416 2365 454 2418 et
468 2349 592 2420 Stoicis
606 2352 777 2442 peculiare
791 2354 913 2441 dogma
924 2371 996 2424 esse
1013 2353 1058 2421 de
1076 2352 1180 2434 styra
1200 2374 1294 2435 οπερ·

258 2477 421 2551 uerterit,
445 2487 501 2534 res
525 2481 577 2536 est
599 2465 785 2535 notissima.
830 2467 908 2535 Cir.
928 2467 1109 2564 Lipsius
1130 2461 1298 2552 Plsyeiol.¹

171 2641 177 2652 ,
260 2581 373 2649 Staio.
411 2579 492 2649 Lib.
517 2580 555 2664 1,
595 2578 731 2650 dissert.
761 2584 794 2652 6.
842 2581 1122 2650 Tiedemenn
1153 2577 1302 2668 Syrtem

258 2693 333 2762 der
355 2677 546 2762 Blo'r'eclren
578 2693 833 2783 Philosophia,
865 2695 967 2762 Tum.
994 2696 1047 2778 11,
1077 2720 1116 2788 p.
1143 2692 1186 2760 48
1214 2713 1295 2780 sqq.

259 2807 335 2876 Ja'm
352 2808 381 2874 si
404 2809 651 2888 concedamus,
674 2808 767 2878 inter
784 2833 835 2880 vs.
858 2830 897 2878 ar
911 2825 947 2877 et
964 2811 1015 2878 13.
1041 2806 1160 2898 capitis
1180 2799 1299 2895 quarti·

260 2940 296 2991 et
314 2924 379 2990 ista
401 2921 475 2991 loca
499 2921 652 2991 Philonis
680 2923 953 2994 convenientiam
982 2921 1132 3012 aliquem
1161 2933 1297 2996 extare,

154 3129 155 3134 γ
261 3036 345 3104 inde
366 3058 438 3104 non
463 3037 619 3129 sequitur
642 3053 815 3106 auctorem
841 3053 978 3105 nostrae
1009 3032 1172 3126 epistolae
1194 3029 1301 3096 fuisse
1361 3093 1364 3100 ,

263 3148 548 3217 Alexandrinum.
601 3149 675 3218 Hoc
707 3151 942 3220 tantummodo
973 3153 1146 3245 seqnitur,
1177 3139 1302 3211 Philo-¹.

263 3275 344 3331 nem
364 3277 399 3328 et
415 3277 591 3330 auctorem
610 3287 651 3331 ex
672 3266 794 3335 eodem
814 3265 909 3334 sonte
922 3265 1094 3347 hausisse,
1112 3277 1147 3328 et
1160 3256 1302 3328 Stoico&

264 3399 342 3444 rum
362 3373 499 3442 decreta
515 3391 594 3443 ente
614 3378 729 3447 oculos
744 3381 922 3468 babuisse3
942 3379 996 3452 vel
1018 3377 1140 3460 etism,
1161 3373 1189 3438 si
1206 3365 1301 3436 mul·-

269 3507 342 3558 tum
360 3487 587 3556 concedamus
599 3538 610 3573 ‚
623 3511 794 3564 auctorem
808 3514 944 3565 nostrae
956 3488 1118 3586 epistolae
1134 3477 1301 3553 nonnulle
1418 3497 1419 3502 ’

267 3605 397 3692 'scripta
414 3601 569 3670 Philonis
592 3603 731 3693 legendi
751 3599 962 3680 occasionem
981 3605 1157 3678 babuisse,
1176 3595 1220 3662 de
1238 3615 1307 3684 qut

268 3737 309 3786 re·
329 3717 421 3783 infra
439 3718 610 3802 nonnulle
631 3720 803 3793 dicentur.
847 3703 995 3794 Multum
1019 3719 1062 3784 ab
1081 3707 1307 3781 assertoribus

269 3831 523 3899 Alexandrinae
559 3837 698 3921 originis
728 3839 891 3932 epistolae
921 3851 1057 3910 nostrae
1086 3824 1239 3896 uocibus
1271 3829 1306 3882 st

268 3945 436 4036 loquendi
455 3945 609 4036 lormulis
630 3951 810 4022 insolentia
830 3950 978 4041 quadam
999 3937 1306 4034 conspicuisrpss‘

269 4059 333 4128 sim
350 4059 386 4126 in
398 4079 512 4130 nostra
530 4065 675 4154 epistola
691 4084 726 4134 et
738 4064 891 4136 Philonis
910 4065 1048 4162 scriptis
1065 4039 1312 4136 oberimuibui
