2928 4754
620 355 778 449 (75)

190 563 266 616 etse
288 541 472 616 censebunt
494 539 730 638 philosophie
749 535 908 630 porticu,
929 553 968 612 ut
983 557 1128 616 mortem
1156 548 1219 618 in.

195 660 331 752 trepido
348 678 484 749 pectore
502 673 538 725 et
557 655 728 724 irretortis
747 651 854 721 oculis
875 673 1049 747 expectet,
1072 678 1107 728 et
1126 681 1219 730 mor·

191 777 234 844 tis
262 790 471 844 contemtum
489 791 561 838 esse
580 770 783 861 primarium
813 769 965 837 fructum
984 771 1220 867 philosophiae

189 889 397 957 statuebant.
428 881 560 953 Anton.
574 883 829 974 Lib.v11‚·69=
854 891 955 956 'reiro
970 887 1041 973 ἔχει
1060 893 1078 969 ἧ
1098 891 1219 962 τελειό-

190 1033 249 1086 ννς
273 1010 329 1074 τοῦ
347 1005 454 1082 itone,
484 1001 520 1070 ri
541 1003 648 1070 πᾶσαν
667 1001 840 1084 sindpertus
860 1004 1048 1072 τελευταίαν
1068 1004 1221 1085 διεξάγειν

190 1121 247 1190 toi
274 1120 355 1201 noire
377 1117 522 1204 σΦύζειν,
543 1115 625 1198 resins
652 1119 777 1200 νιιριιᾷν.
818 1109 861 1179 Id
888 1128 958 1184 ests
992 1113 1068 1183 Hoc
1089 1114 1220 1183 enimus

192 1230 239 1298 ed
257 1229 466 1297 honestatem
482 1225 633 1322 perfecto
653 1224 861 1315 compositus
878 1240 1050 1315 praestet,
1071 1243 1112 1294 nt
1128 1227 1222 1296 diem

192 1363 436 1436 quemcunque
473 1355 646 1431 umquem
678 1339 898 1410 novissimum
934 1339 1066 1427 exiget,
1106 1363 1222 1436 nequo

75 1491 77 1495 ’
192 1474 335 1538 memet,
355 1479 467 1547 neque
485 1469 633 1545 torpent.
676 1451 754 1524 cfr.
777 1453 856 1521 Lib.
875 1452 945 1537 III,
971 1471 1014 1544 73
1036 1451 1141 1541 VIII,
1162 1455 1220 1527 58.

191 1571 323 1642 Multus
338 1570 497 1661 inprimis
513 1569 643 1637 Senecs
658 1567 761 1634 estin
777 1565 1063 1655 demonstrando,
1074 1587 1220 1641 mortens

192 1709 265 1754 non
278 1681 497 1750 metuendam
510 1703 602 1765 esse,
613 1696 742 1749 metum
753 1679 873 1748 mortis
891 1703 963 1750 esse
979 1683 1221 1754 nriserrimom

188 1799 431 1879 servitutem,
461 1819 529 1887 qus
567 1793 671 1865 homo
704 1791 937 1885 undequaque
968 1793 1157 1884 vincietur,
1185 1815 1223 1868 et

191 1917 411 1980 contemnere
423 1925 589 1994 mortem,
604 1931 677 1977 non
695 1923 849 1976 metuere
866 1909 1135 1996 mortem,idem
1151 1935 1224 1982 esse

189 2049 230 2092 ac
252 2048 287 2091 se
314 2022 352 2090 in
372 2021 567 2091 libertatem
586 2045 746 2091 reserere.
788 2021 830 2088 In
857 2021 968 2112 Epist.
986 2024 1027 2093 24
1051 2025 1135 2094 hoec
1164 2025 1222 2095 Ie-

188 2136 353 2228 gnntur.'’
395 2137 438 2203 In
464 2157 601 2204 carcere
626 2137 784 2205 Socrates
815 2133 1023 2225 disputavit,
1044 2155 1081 2207 et
1104 2135 1221 2226 exire,

190 2265 270 2322 cu'tn
292 2269 424 2331 essent,
440 2251 500 2340 qui
517 2249 761 2340 promitterent
778 2248 910 2338 fugem,
926 2252 1057 2339 noluit,
1078 2276 1221 2324 remen·

184 2369 320 2458 sitque,
341 2383 381 2432 ut
404 2364 550 2432 duorum
576 2387 693 2432 rerum
713 2363 983 2451 novissimarum
1006 2384 1134 2436 metum
1153 2369 1223 2437 ho-

186 2479 338 2548 minibus
369 2477 541 2556 demeret,
576 2478 697 2546 mortis
725 2494 760 2545 et
791 2481 975 2548 carceris?
1017 2481 1128 2576 Epist.
1150 2487 1218 2554 262

189 2620 211 2662 e
227 2589 372 2676 Egregie
396 2606 463 2674 est,
484 2609 629 2660 mortem
651 2589 917 2662 condiscere·
931 2593 1102 2663 Meditare
1124 2619 1222 2664 mor·

194 2721 286 2790 tem3
312 2702 373 2794 qni
392 2702 458 2767 hoc
485 2701 590 2785 dicit,
613 2705 774 2771 meditari
800 2704 994 2776 libertatem
1017 2709 1135 2799 juhet3
1161 2712 1222 2804 qni

192 2818 279 2885 mori
304 2814 447 2893 didicit,
461 2815 588 2882 servire
610 2814 799 2900 dedidicitt
824 2839 927 2908 supro
947 2844 1084 2890 omnem
1100 2841 1223 2912 poten·

193 2932 276 2999 tiam
295 2933 366 3008 est',
379 2945 471 2996 certe
488 2943 584 2996 extra
603 2953 750 2997 omnem.
784 2929 880 3020 Quid
901 2930 945 2998 ed
966 2933 1063 3002 iilum
1085 2959 1221 3020 carcer,

192 3044 367 3127 custodie,
390 3041 599 3112 claustrum?
643 3045 806 3112 Liberum
833 3044 956 3114 ostium
982 3044 1096 3117 hebet.
1146 3051 1224 3122 Une

194 3175 247 3226 est
276 3174 416 3242 cateno,
454 3182 540 3250 quoe
564 3181 627 3226 nos
656 3156 805 3243 alligatos
830 3163 958 3242 iteum,
988 3185 1081 3230 emor
1107 3163 1219 3254 vitee3

195 3273 277 3365 qui,
298 3289 426 3340 utnon
445 3289 498 3338 est
519 3271 754 3362 abjiciendus,
776 3273 824 3340 in
849 3272 1053 3344 miunendus
1070 3295 1140 3363 est,
1161 3298 1222 3367 ut,

193 3387 223 3453 ei
248 3383 386 3478 quando
407 3409 460 3454 res
480 3387 611 3475 eriget,
634 3386 723 3455 nihil
737 3410 798 3456 not
820 3385 1008 3457 detinent.”
1031 3392 1142 3484 Epist.
1157 3400 1220 3466 ios

194 3529 213 3572 t<
232 3500 267 3568 Si
296 3499 381 3591 quid
412 3500 622 3570 incommodi
647 3519 705 3570 out
730 3518 838 3570 metus
866 3501 904 3567 in
930 3504 1120 3579 moriendo¹
1143 3522 1222 3591 est,

195 3611 312 3679 vitium
331 3629 385 3682 est
400 3614 599 3699 morientIs,
621 3641 691 3684 nen
713 3617 854 3700 mortis,
877 3640 941 3683 nee
964 3620 1065 3707 magis
1091 3619 1128 3684 in
1148 3621 1224 3706 ipse

197 3726 379 3817 q'uicqurm
396 3745 447 3795 est
465 3727 662 3813 molestiae,
685 3755 788 3821 quem
808 3744 886 3822 post
901 3732 1021 3820 ipesm.
1057 3734 1144 3796 Tem
1163 3731 1223 3797 de·

89 3897 91 3902 ,
197 3861 293 3906 mens
318 3859 519 3929 autemst,
542 3845 604 3935 qui
626 3843 743 3930 timet,
766 3842 858 3936 quod
884 3870 955 3912 non
978 3862 1029 3914 est
1046 3868 1224 3938 passurus,

198 3975 302 4043 quam
319 3955 379 4046 qui
409 3960 527 4049 timet,
557 3959 652 4052 quod
675 3981 747 4028 non
779 3979 831 4030 est
855 3983 1025 4032 sonemus·
1046 3976 1089 4024 ·.-'
1117 3959 1223 4034 vides
