2928 4754
676 343 832 432 (56)

241 525 322 591 teris
347 473 498 614 eplslolis
528 523 700 610 Paulinis,
734 541 769 593 st
797 525 962 610 maiorem
988 519 1041 591 illl
1070 521 1276 613 dignitatem

125 665 131 672 ·
243 637 349 714 tribui
380 663 484 728 quam
513 643 550 710 in
581 643 657 727 hias
693 638 856 730 squidem
891 663 962 708 nou
993 637 1114 722 uideo,
1148 661 1277 734 quam-

241 775 340 841 quam
371 751 529 820 nonnulli
558 755 605 821 ita
629 753 759 823 volunt.
803 751 955 822 Vocatur
981 753 1162 838 κληρονόμος
1188 754 1279 824 sals·

241 895 322 951 των,
347 867 371 935 i.
385 891 415 942 e,
445 891 516 934 non
540 865 697 935 dominus
724 865 896 935 absolutus
925 867 1098 951 omnium,
1134 865 1193 932 sed
1218 863 1282 956 qui

244 981 432 1048 dominium
464 997 500 1050 et
531 983 778 1074 possessionem
817 982 967 1047 omnium
1008 982 1050 1046 ab
1082 979 1148 1047 alio
1178 1001 1282 1046 auce·

237 1096 317 1188 pits
342 1114 480 1162 vocatur
503 1101 709 1179 πρωτότοκος,
734 1097 769 1176 Ι,
793 1098 825 1164 6.
849 1098 935 1176 vila,
964 1093 1074 1176 ibld.;
1099 1111 1282 1185 praestan·

245 1208 312 1274 tior
328 1207 476 1294 angelisp
502 1213 610 1285 πιστὸς
634 1213 671 1280 du
697 1215 739 1304 τῷ
762 1212 921 1288 ποιήσαντι
941 1215 1051 1288 αὐτὸν,
1074 1208 1147 1291 ΙΙΙ,
1172 1231 1212 1295 23
1233 1212 1287 1279 διὸ

246 1326 442 1404 παθημάτων
458 1323 649 1402 τελειωθεὶς,
672 1323 723 1405 ll,
746 1344 807 1408 103
832 1325 883 1392 issi
905 1328 942 1393 εδ
962 1327 1094 1406 πάθημα
1117 1331 1171 1393 τοῦ
1192 1325 1289 1393 θανά·

247 1463 301 1506 sou
318 1437 389 1524 δέξῃ
407 1439 459 1506 sul
479 1449 555 1522 τιμῇ
573 1438 844 1523 ἐστεφανωμένος,
862 1432 974 1522 ihld.;
997 1436 1101 1504 immo
1116 1439 1289 1514 ἀπόστολος

249 1548 321 1628 ΙΙΙ,
345 1573 384 1628 1,
408 1565 486 1616 aute
505 1573 600 1616 suam
617 1551 888 1618 incarnationem
906 1549 1049 1641 quidem
1065 1548 1148 1618 inde
1166 1576 1184 1618 a
1205 1549 1286 1643 pri·

249 1659 392 1728 mordiis
417 1662 539 1730 mundi
558 1663 727 1750 existens,
749 1664 810 1732 aad
830 1668 965 1744 araride
993 1679 1028 1732 et
1050 1687 1111 1730 suo
1135 1680 1290 1754 tempore

250 1775 371 1844 missus
401 1777 438 1842 in
459 1775 519 1842 has
546 1793 675 1864 terras,
704 1795 744 1845 ut
766 1779 812 1846 ad
833 1775 1033 1870 exequenda
1059 1775 1198 1845 consilia
1224 1775 1287 1842 Dei

250 1913 317 1986 per
334 1887 475 1981 aliquod
494 1905 626 1982 tempus
645 1893 737 1960 inter
753 1891 908 1964 homines
933 1891 1165 1984 hospitaretur
1183 1892 1287 1977 (ιι),

253 2017 291 2069 et
316 2004 463 2094 peractis
490 2001 659 2070 mandatis
680 2003 798 2096 gloria,
813 2019 932 2073 suetus
956 2001 999 2070 ad
1024 2005 1135 2074 Deum
1159 2001 1287 2072 rediret

255 2133 292 2182 et
317 2139 394 2182 oum
416 2142 457 2183 eo
474 2133 644 2212 regnaret.
691 2117 749 2187 Sio
779 2103 882 2194 etiam
904 2119 943 2184 iu
974 2120 1115 2189 caeteris
1141 2114 1293 2206 epistolis

256 2229 408 2296 Paulinis
433 2231 526 2297 locus
549 2231 593 2298 de
621 2229 817 2310 sublimiore
837 2233 964 2301 Christi
982 2249 1105 2300 natura
1132 2245 1297 2300 tractatur

262 2341 381 2414 scor.
405 2341 494 2425 XV,
518 2365 581 2433 27„
602 2348 655 2415 28.
688 2345 993 2432 cot.1,15-17.
1047 2341 1187 2414 Nullum
1215 2363 1297 2411 vero

258 2481 402 2554 prorsus
425 2457 600 2542 vestigium
618 2457 782 2544 dogmatis
804 2460 849 2528 de
874 2467 957 2552 λόγῳ
975 2463 1012 2527 ln
1036 2457 1185 2526 Paulinis
1213 2456 1295 2546 epi·

262 2572 356 2644 stolis
390 2595 591 2651 occurrere,
613 2587 650 2639 st
679 2571 822 2642 Paulum
840 2575 877 2642 in
899 2570 1164 2643 demonstranda
1182 2567 1296 2637 subli-

263 2686 365 2756 miori
381 2703 502 2755 natura
521 2685 601 2750 Jesu
627 2701 737 2752 totum
754 2709 772 2752 e
793 2687 1051 2759 Pharisaeorum
1077 2684 1236 2752 doctrina
1254 2680 1299 2749 de

263 2799 389 2868 Massia
418 2797 600 2895 pendere„
633 2793 730 2888 quod
762 2799 835 2868 vult
875 2797 1124 2869 Bertholdt
1153 2796 1300 2870 Einles·

262 2914 380 3000 ἠως,
410 2933 449 3003 p·
476 2914 578 3006 2942,
600 2911 686 2978 mihi
709 2935 780 2986 non
805 2911 1011 3008 persuadere
1032 2933 1182 3004 possum.
1226 2907 1303 2974 lm·

264 3047 323 3090 mo
352 3021 509 3088 doctrina
539 3022 797 3090 Pharisaeorum
822 3041 857 3091 et
885 3023 1064 3090 doctorum
1083 3017 1304 3088 Judaioorum

268 3132 314 3200 da
336 3133 499 3217 dignitate
525 3131 691 3215 Messias,
715 3157 801 3223 quae
823 3133 1037 3224 temporibus
1059 3135 1138 3201 Jesu
1159 3145 1193 3196 et
1215 3143 1305 3218 apo·

269 3239 434 3310 stolorum
461 3239 630 3324 invaluit,
660 3242 804 3309 multum
829 3242 977 3327 dogmati
999 3243 1045 3314 de
1075 3245 1158 3328 tiro
1179 3235 1307 3308 debere

205 3377 208 3384 2
268 3352 356 3430 nihi
377 3353 528 3418 videtur.
1147 3331 1149 3337 '

325 3464 386 3532 Vs.
408 3468 438 3534 5.
479 3468 674 3549 Καθωριεμὸν
701 3466 907 3549 retardamus
935 3475 995 3538 sois
1022 3471 1183 3551 ,ἁμαρτιῶν
1213 3466 1307 3545 sifi&

272 3576 420 3646 Lubens.
446 3574 617 3652 concedo,
648 3575 702 3640 his
729 3578 840 3646 verbis
860 3578 904 3644 ad
937 3575 1165 3668 expiatorium
1187 3589 1310 3637 munus

275 3691 384 3769 Jesu„
408 3703 520 3753 morte
550 3702 755 3776 peractum,
789 3693 927 3783 respici.
981 3691 1052 3759 Sed
1085 3709 1162 3758 oum
1195 3697 1314 3756 auctor

275 3797 436 3888 epistolae
465 3813 600 3874 nostrae
621 3821 867 3888 saepenumero
888 3803 1057 3902 loquatur¹
1073 3801 1118 3874 de
1147 3803 1315 3886 καθαροῖς.

278 3969 491 4000 ..Ι--η-ῼ

314 4081 362 4165 (¹¹
376 4079 386 4145 Ι
404 4062 533 4133 snm
551 4081 627 4151 ‘llSh
645 4083 690 4134 ³¹²
706 4102 735 4140 ,ι
750 4081 818 4147 Quid
830 4080 900 4134 aliud
911 4099 982 4138 suess
993 4081 1124 4145 animun,
1141 4098 1219 4152 quam
1233 4079 1320 4140 Druna

282 4167 431 4234 incorpore
451 4165 560 4226 humano
579 4168 796 4236 hmpitsntem?’'
