2878 4758
566 381 593 474 ἰ(
636 379 696 451 adt
744 381 760 464 )

77 558 241 628 dicitnr
279 565 474 654 scripsisse
506 583 603 630 snttm
636 563 845 651 evangelium
870 569 901 635 ἓν
931 575 994 644 reia
1021 571 1176 656 Ἑβραίοις

85 690 134 760 τῇ
154 681 230 764 ἰδίᾳ
260 685 381 750 αὐτῶν
409 679 570 760 διαλέκτῳ.
615 679 653 745 si
680 679 733 745 vel
761 678 918 746 latiorem
947 682 1172 766 significatio·

85 809 185 856 stem
208 794 321 860 vocis
356 823 375 864 «ι
394 792 566 862 Hebraei''
583 813 772 871 sumamus,
792 791 959 872 tamenin
978 795 1116 885 epistola
1133 796 1177 864 ad

92 905 353 974 Christianos
380 905 509 994 scripta
529 920 692 976 notantur
714 905 772 973 illa
799 903 1044 979 Palestinenses
1066 910 1176 978 Chri-

92 1021 235 1086 stnnt.
329 1065 333 1068 .
673 1005 677 1014 '

89 1159 96 1172 ·
151 1158 190 1201 ιι.
218 1134 510 1222 Argumentum
531 1145 677 1199 nostrae
704 1115 865 1222 epistolae
892 1137 993 1203 etiam
1016 1138 1064 1204 ita
1091 1155 1180 1203 com·

94 1263 296 1340 paratum
327 1265 396 1326 ast,
420 1261 458 1312 ttt
482 1245 544 1312 sub
580 1247 766 1332 Hebraeis,
800 1269 885 1339 quos
911 1249 1029 1316 titulus
1057 1247 1181 1328 babet,

96 1362 329 1430 Christiani
357 1360 623 1436 Palaestinenses
653 1361 834 1444 indigenae
851 1360 1183 1458 intelligendisint.

102 1477 305 1544 Lectores
326 1474 440 1556 enim,
462 1471 506 1537 ad
526 1495 611 1562 qnos
628 1471 747 1541 scribit
764 1476 881 1546 auctir
898 1489 1033 1550 noster.
1053 1489 1092 1538 nt
1109 1474 1178 1539 ho-

106 1589 265 1668 mines,
292 1584 436 1654 multam
456 1580 580 1650 ritibus
594 1599 629 1648 et
649 1586 849 1652 ceremoniis
869 1584 1018 1653 Iudaicis
1037 1584 1073 1650 ln
1097 1602 1181 1650 tem·
1270 1638 1275 1649 .

107 1697 184 1790 'plo
209 1693 524 1788 Hierosolymitano
546 1699 660 1783 peragi
686 1695 790 1764 solitis
819 1698 1030 1779 tribuentes,
1053 1713 1091 1762 ut
1119 1701 1179 1785 ζη-

113 1821 235 1884 nt'iratt
252 1819 308 1884 rot
326 1813 416 1893 adnot
439 1811 516 1876 Aet.
532 1809 638 1892 XXI,
663 1828 717 1877 ao·
740 1809 993 1876 describuntur.
1035 1809 1085 1874 lta
1102 1829 1182 1875 vero

115 1923 329 1991 Christiani
345 1942 386 1986 ex
407 1922 545 1988 ludaeis
564 1921 885 2010 Hierosolymitani,
907 1935 945 1984 ut
962 1942 1003 1985 ex
1025 1919 1183 2008 pluribus

113 2017 215 2100 locis
246 2037 410 2100 Actorum
431 2048 548 2126 patet,
569 2051 769 2116 senserunt,
791 2035 956 2123 incoque
980 2031 1023 2096 ab
1049 2032 1122 2098 aliis
1138 2057 1182 2100 ex

115 2142 273 2210 Judaeis
299 2143 503 2212 Christianis
521 2163 556 2214 et
574 2147 714 2214 omnino
734 2145 807 2212 aliis
826 2145 1031 2224 Christianis
1055 2144 1102 2210 ita
1120 2145 1181 2210 di·

120 2260 226 2328 „versi
262 2255 419 2334 fuerunt,
447 2274 486 2322 ut
512 2258 627 2344 potius
650 2281 669 2322 a
692 2257 864 2322 communi
892 2255 1036 2324 ecclesia
1064 2258 1183 2324 seriori

127 2385 293 2460 tempore
319 2365 567 2448 desciscerent,
588 2382 624 2434 et
653 2367 862 2459 peculiarem
880 2386 1006 2436 sectam
1029 2368 1183 2436 Judaiois

124 2483 264 2548 ¹ritibus
291 2477 403 2546 adhuc
436 2477 589 2547 deditam
614 2481 679 2546 snb
703 2481 840 2557 nomine
872 2483 1121 2554 Nazaraeorum
1147 2464 1183 2550 ei

131 2593 375 2660 Ebionitarum
395 2591 661 2674 constituerent,
682 2615 786 2682 quam
814 2592 938 2658 ritihus
960 2608 995 2660 et
1025 2615 1184 2668 cereno--⁴

92 2720 104 2734 ··
130 2706 202 2776 niis
219 2703 337 2794 patriis
355 2703 596 2772 valedicerent.

132 2871 137 2882 .
181 2824 214 2890 5.
237 2818 402 2901 Deinde,
420 2818 459 2884 iet
477 2828 554 2883 toto
571 2818 724 2904 epistole
735 2840 930 2906 numquam
944 2819 1177 2888 Christiano-

134 2955 221 3010 rum
236 2956 280 3000 ear
298 2929 497 3020 gentilibus
512 2930 731 2998 carinarum
749 2933 847 3000 inter
866 2957 924 3000 ecs
938 2947 976 3001 et
992 2933 1180 3000 Cltrt'atio-

136 3070 201 3114 nos
228 3068 269 3113 ex
304 3043 457 3116 Iudaeis
487 3047 525 3114 in
550 3045 636 3112 aliia
670 3045 834 3113 euchaita
859 3046 989 3135 ubique
1016 3061 1180 3114 ortorum

137 3157 389 3245 nuntiassem
404 3170 480 3242 est,
503 3154 603 3245 qnod·
620 3155 760 3245 quidem
777 3156 915 3242 innuit,
934 3156 1112 3248 epistolam
1134 3159 1179 3226 ad

137 3271 368 3339 Christianam
393 3269 571 3340 ecclesiam
603 3291 674 3334 non
700 3265 904 3336 excuderis
930 3286 966 3336 et
994 3271 1178 3357 gentilibus

134 3385 294 3465 mixtam,
310 3381 372 3448 sed
383 3405 425 3450 ex
439 3380 579 3450 ludaeis
598 3379 707 3450 tolum
726 3396 856 3460 ortam,
879 3382 983 3451 luisse
998 3385 1177 3474 scriptam.

136 3497 250 3582 Atque
274 3491 441 3579 ejusmodi
472 3492 614 3560 eeclesia
646 3493 886 3584 Hierosolymis
912 3512 1045 3563 tantum
1071 3511 1108 3561 et
1137 3496 1177 3561 in

136 3603 321 3700 Palaestina
338 3605 415 3680 luit.
457 3603 532 3672 vox
556 3607 669 3677 etium
688 3607 924 3687 rdtn.x111‚
949 3629 1009 3689 tt,
1035 3624 1086 3672 12.
1109 3627 1177 3692 pro

41 3767 46 3775 .
137 3717 224 3793 πόλις
245 3719 347 3806 posita
367 3717 558 3786 secundum
576 3715 684 3785 Lxx.
707 3719 830 3786 Jerem.
843 3719 979 3800 XLIV,
1002 3715 1035 3783 6.
1056 3715 1170 3781 lecto·

133 3849 187 3891 res
218 3826 465 3918 Hierosolymac
496 3827 689 3894 habitantes
720 3827 863 3896 innuere
896 3829 1045 3896 ridetur.
1088 3827 1169 3896 Neo
1249 3879 1259 3888 ,

134 3959 204 4012 non
230 3933 438 4005 domicilium
458 3941 635 4006 beatorum
653 3956 886 4030 comparatum
904 3966 981 4008 oum
1003 3942 1169 4011 Hieroso-

95 4103 97 4110 .
137 4045 226 4136 lytra
242 4063 276 4116 et
289 4050 675 4135 montesionilel,22.
694 4051 914 4121 tumdemum
926 4052 1170 4123 suolocoestet
