2940 4780
521 313 762 480 ³(165)

132 579 423 670 significationem
433 577 614 669 posueris,
639 579 706 646 hcc
719 559 835 650 cx‘illo
852 575 929 652 loco
947 596 1056 668 patet,
1084 578 1178 644 Pau-

132 694 214 762 lum
235 695 273 761 in
293 696 367 760 aula
391 693 545 770 Caesaris
566 715 721 784 magnam
741 689 971 764 celebritatem
986 692 1180 786 multosque

133 810 265 884 amicos
285 789 321 875 et
340 831 444 878 novae
469 804 647 872 doctrinae
670 805 812 880 asseclas
835 823 975 878 nactum
997 828 1080 874 esse.
1136 807 1181 874 ln

137 940 239 998 tanta
255 923 357 1009 igitur
376 917 472 1016 Pauli
492 935 527 986 et
543 917 705 988 Paulinae
725 919 903 990 doctrinae
925 915 1121 988 celebritate
1139 920 1180 987 in

136 1040 219 1110 aula
229 1035 376 1105 Neronis
387 1084 398 1119 ,
411 1033 500 1104 fama
521 1032 623 1120 hujus
644 1033 709 1103 riri
728 1033 772 1101 ad
787 1031 955 1106 Senecam
968 1033 1072 1102 etiam
1089 1033 1183 1103 venir

137 1167 178 1218 et
199 1151 450 1218 rirumrernm
471 1137 671 1216 divinarum
679 1146 942 1218 curiosissimum
961 1144 1120 1236 impulit,
1143 1159 1184 1213 ut

131 1255 419 1338 ¹l’aulum'adiret
434 1265 492 1342 et,
515 1259 675 1330 doctrina
693 1266 767 1349 ejus
787 1280 822 1330 et
839 1287 971 1334 morum
990 1261 1186 1348 integritate

135 1361 301 1465 cognita,
324 1376 605 1446 consuetudinem
629 1364 776 1474 aliquani
798 1403 876 1476 curn
892 1357 934 1445 eo
951 1375 1119 1448 necteret.

132 1478 135 1491 ¹
191 1493 237 1560 G·
270 1493 339 1560 Sed
360 1492 504 1592 forsitan
525 1494 695 1588 quispiam
716 1493 865 1564 dixerita
900 1491 978 1560 Non
1001 1485 1186 1558 verisimile

142 1622 219 1691 est,
241 1587 583 1689 'Senecamsvr‘rttm
605 1602 829 1678 ad'aumr'noa
854 1609 1003 1676 tonores
1025 1601 1186 1674 evectans
1262 1613 1275 1630 ”

144 1699 184 1788 et
202 1709 574 1814 grandi'dt'nitiarnm
601 1723 708 1809 copia
730 1721 973 1792 abundantem
995 1744 1036 1786 eo
1061 1718 1187 1790 addu-

145 1847 247 1900 ctum
259 1859 355 1917 ease,
379 1849 422 1902 ιιι
436 1837 595 1908 Paulum
607 1835 786 1904 hominem
795 1833 1080 1924 pauperculum,
1102 1833 1188 1898 nul·

136 1947 193 2013 ‘lic
225 1949 466 2021 honoribus
450 1950 650 2036 insignem,
691 1953 798 2017 immo
831 1951 1015 2036 captivum
1042 1946 1190 2034 saepius

139 2053 293 2140 adiret,
327 2059 498 2150 colloquia
524 2059 693 2130 derebus
716 2063 820 2130 sacris
846 2061 924 2131 cu'm
951 2057 1012 2128 illo
1036 2073 1191 2126 necteret

136 2190 183 2273 ¹ct
202 2173 430 2242 familiaritate
448 2174 593 2265 quadam
615 2201 695 2247 eum
716 2176 929 2262 dignaretur.
974 2177 1061 2242 Cum
1081 2171 1193 2240 Athe·

137 2285 288 2361 'ruienses
302 2283 522 2375 philosophi,
539 2288 647 2357 Stoici
665 2307 700 2358 et
715 2288 901 2378 Epicurei,
913 2290 1056 2355 Paulum
1073 2286 1189 2354 Athe·

141 2397 202 2472 nis
231 2399 456 2489 evangelium
470 2400 653 2474 docentem
678 2426 808 2475 summa
834 2406 1026 2498 arrogantia
1055 2405 1189 2471 tra'cta-

149 2528 251 2596 rent,
281 2538 428 2606 eumque
456 2501 667 2604 σπέρμιλόγιν
701 2516 922 2598 dictitarent3
959 2517 1016 2585 vix
1048 2515 1191 2600 cogitati

150 2642 283 2715 potest,
305 2623 448 2694 Paulum
468 2655 488 2694 a
512 2631 642 2698 Seneca
659 2645 694 2699 et
716 2629 924 2722 philosopho
941 2627 1057 2696 Stoico
1075 2613 1110 2696 el
1125 2653 1191 2694 ιιι·

147 2737 218 2805 lico
247 2755 282 2806 ct
299 2751 503 2830 purpurato
533 2739 703 2864 colloquio
734 2760 769 2811 et
794 2741 1023 2812 familiaritate
1049 2741 1191 2836 (liguum

148 2841 342 2944 judicatum
364 2878 447 2921 esse.

194 2963 460 3056 Quodammodo
477 2970 520 3041 ad
544 2972 634 3040 hanc
655 2970 913 3057 objectionem
902 2993 972 3062 Jam
988 2969 1025 3034 in
1044 2973 1187 3041 antece-'-

147 3081 312 3148 dentibus
332 3104 532 3208 responsum
553 3103 626 3170 est,
649 3083 710 3153 sed
733 3083 870 3170 majoris
895 3079 1010 3150 adhuc
1028 3077 1192 3196 momenti

152 3197 235 3264 haec
255 3214 358 3265 sunta
457 3196 463 3212 ’

148 3311 346 3395 Seneca,
370 3318 520 3405 quamvis
548 3285 719 3384 honorum
752 3310 962 3402 splendore,
995 3307 1191 3390 divitiarum

147 3429 248 3516 ‘copia
279 3441 314 3496 et
344 3421 559 3522 eloquentiae
592 3428 787 3518 ingeniique
820 3425 922 3496 laude
948 3427 1190 3502 celeberrimus

148 3539 278 3618 inerit,
309 3565 380 3608 non
408 3561 521 3610 tamen
548 3541 708 3634 superbia
742 3557 777 3607 et
807 3544 1002 3628 arrogantia
1034 3541 1190 3628 turgidus

151 3643 282 3764 ''vilioris
303 3635 510 3754 conditionis
527 3655 684 3728 homines
704 3654 783 3722 altis
803 3652 959 3752 despexit
978 3658 1188 3756 superciliis,

135 3831 358 3882 ¹······-·—v-
431 3855 437 3868 .
641 3822 647 3854 Ι
1111 3767 1120 3778 1
1181 3763 1185 3773 ⁴

159 3933 209 4004 Vl,
226 3953 252 4004 p·
267 3937 352 4007 3415,
373 3942 495 4011 opinatur
520 3941 611 3995 ululas
633 3937 762 4012 ιιαισαρις
778 3956 834 3994 esta
856 3940 1019 4009 praetoriana
1036 3951 1138 4005 castra,
1165 3953 1193 3999 et

160 4022 219 4091 ,τοὺς
230 4023 259 4073 ἐκ
270 4041 296 4080 τ.
310 4025 379 4084 aulo.
398 4030 450 4088 alu.
467 4029 644 4102 praetorianos
659 4028 774 4103 militer,
790 4027 835 4099 qui
848 4028 989 4090 custodiam
1002 4028 1111 4099 apostoli
1128 4046 1190 4099 aga-

147 4103 233 4181 laut,
252 4129 365 4183 quasque
383 4113 414 4170 de
433 4116 562 4188 evangello
579 4116 703 4173 edocendi
720 4117 879 4172 occulorum
897 4116 1011 4173 habebat
1027 4118 1165 4189 apostolor.
