2878 4758
683 341 871 429 (ψ)

256 477 346 609 eale,
371 527 432 619 qni
448 523 563 593 adhue·
579 521 776 618 superstites
798 537 896 607 sunt,
917 522 1005 607 loci,
1026 524 1212 614 inquibus
1240 547 1328 594 re·

255 645 395 734 ligionis
424 636 648 709 Christianae·
664 639 794 706 mentio
820 637 910 704 loeta
939 654 1032 720 erat,
1055 637 1198 705 forsitan
1231 639 1326 706 de-

255 758 328 829 lati
344 755 549 844 sunt,³qnia
565 753 718 844 iniquies
741 752 912 842 judicium
936 749 979 820 de
1003 749 1162 840 religione
1185 753 1321 821 Chri-

255 875 369 940 stiana
390 869 618 938 continerent.
651 870 728 938 Hae
748 867 862 935 resero
881 863 1068 957 Epistolam
1087 869 1149 957 98,
1169 867 1209 933 in
1233 891 1320 959 quar

209 967 212 972 ‚
256 1001 339 1076 post
362 983 518 1053 hennam
538 981 750 1051 manifestam
769 1001 881 1050 sermo
898 967 953 1048 ast'
974 981 1019 1048 de
1040 1002 1119 1049 sene
1146 982 1318 1073 quodam

259 1097 470 1177 senerablli.
493 1097 599 1166 multa
621 1115 721 1192 passo
743 1109 779 1168 et
795 1093 900 1163 Panlo
925 1092 1095 1166 simillimo
1117 1089 1213 1184 (ιῂ).

300 1213 431 1280 Eadem
463 1215 552 1282 ratio
580 1229 632 1282 est
660 1215 829 1283 librorum
857 1195 1013 1280 Senecae
1045 1235 1090 1280 oo
1117 1209 1313 1278 Philonia.

258 1327 360 1396 Philo
387 1329 469 1396 sine
500 1327 609 1398 dnbio
637 1353 696 1413 ea,
729 1351 814 1420 quaa
845 1323 1083 1416 Hierosolymis
1114 1347 1191 1392 eum
1220 1322 1314 1390 Jesn
1412 1395 1413 1404 χ

258 1462 333 1510 aeta
350 1460 466 1510 essent
493 1460 530 1509 et
554 1467 641 1535 quae
664 1445 807 1535 apostoli
827 1443 870 1512 ad
896 1443 947 1509 ibi
972 1437 1186 1506 fundandam
1209 1439 1311 1506 reli·

257 1556 393 1643 gionarn
416 1577 571 1650 notam„
585 1557 753 1625 Mosaieae
781 1559 819 1626 in
839 1557 955 1624 multis
974 1555 1170 1638 adversam,
1194 1551 1306 1620 moli·
1412 1619 1413 1644 ἦ

225 1679 227 1684 ’
258 1686 405 1752 rentur,
434 1687 649 1758 cognoverat.
692 1671 734 1736 In
756 1668 849 1739 libro
872 1687 991 1738 eontra
1016 1665 1177 1735 Flaccum
1206 1685 1242 1736 et
1264 1669 1311 1736 in

261 1785 443 1870 Legatione
459 1784 501 1852 ad
519 1785 641 1871 Cajum
655 1779 909 1876 'saepenumero
923 1791 1048 1851 'rernm
1064 1785 1141 1850 'tum
1161 1799 1308 1872 tempo·

263 1900 310 1966 ris
327 1901 364 1965 in
381 1897 568 1966 Palaestina
590 1915 785 1986 gestorum,
808 1899 907 1967 Pilati
928 1899 1071 1986 ejusque
1093 1899 1311 1986 arrogantiae
1412 1911 1413 1944 ³

264 2014 425 2080 avaritiae
450 2031 484 2081 et
510 2012 698 2098 injustitiae
727 2027 793 2080 oet.
825 2014 1036 2082 mentionem
1062 2011 1144 2080 feeit
1169 2011 1236 2094 ita,
1266 2027 1312 2078 ut

255 2143 400 2216 1pateat,
422 2119 601 2194 Philonem
623 2129 724 2194 etiam
743 2149 881 2205 eornm,
905 2150 991 2216 quae
1013 2125 1058 2192 ad
1081 2127 1195 2194 lesum
1215 2127 1311 2213 ejus·

271 2245 344 2335 qoe'
370 2241 561 2308 doetrinam
593 2256 629 2308 et
657 2235 798 2307 asseclas
826 2239 1041 2331 pertinent,·
1057 2261 1128 2306 non
1151 2241 1311 2328 ignarum

239 2357 383 2424 ,inisse-
426 2357 476 2422 Ut
500 2371 633 2422 taceam*
659 2353 702 2424 de
730 2351 844 2420 multis
872 2352 1117 2422 Alexandrinis
1145 2352 1308 2440 ludaeis,

261 2473 334 2560 φὶ
358 2469 458 2552 festis
485 2469 695 2560 temporibus
723 2469 920 2536 catervatim
942 2469 1208 2557 Hierosolymam
1234 2471 1311 2541 rni-¹

156 2588 159 2597 ’
259 2586 483 2672 ,gabauran
512 2583 741 2652 Alexandriae
758 2582 932 2667 reduces,¹
963 2605 1049 2674 quae
1068 2581 1310 2678 Hierosolymis

274 2699 492 2781 acciderant,
515 2700 704 2767 narrabant
729 2696 834 2766 cuivis
853 2697 1075 2789 popularium
1098 2718 1213 2766 rerum
1235 2721 1305 2766 no·
1412 2771 1413 2780 χ

261 2839 392 2885 ¹mrum
414 2811 553 2906 cupido.
1074 2815 1078 2826 '
1278 2895 1285 2902 ·

258 2963 291 2979 ··
317 2927 388 2999 sed
409 2952 453 2994 ne
473 2928 579 2994 verbo
603 2926 745 3018 quidem
763 2926 799 2990 in
824 2925 1137 3013 omnibuaantptis
1155 2923 1304 3004 Philonis

273 3059 310 3112 et
330 3041 529 3111 nominatim
548 3041 585 3106 in
607 3063 712 3130 supra
729 3037 900 3122 laudatis,
923 3038 1053 3106 Christi
1074 3043 1214 3132 ejusque
1236 3039 1301 3108 do-

262 3157 460 3224 eetrinaeet
478 3155 752 3221 Christianorum
767 3151 970 3219 nomentio.
1002 3153 1145 3242 Quippe
1167 3153 1220 3219 vel
1237 3179 1302 3244 pe-

263 3267 461 3336 -rieulosnm
476 3265 613 3332 Philoni
631 3270 693 3334 heo
710 3267 754 3333 de
770 3288 811 3331 re
822 3263 988 3350 judicium
1006 3266 1096 3332 serre
1113 3269 1218 3333 visum
1236 3285 1304 3347 eat,

279 3380 333 3451 vel
354 3378 449 3458 loeo,
480 3379 516 3443 in
545 3362 669 3471 quibus
690 3379 770 3444 Jesn
801 3379 942 3467 ejusque
965 3379 1142 3450 doetrinae
1163 3382 1304 3448 mentio·

280 3520 360 3564 nem
384 3494 485 3573 fecit,
509 3516 527 3556 a
548 3492 749 3560 Christianis
774 3490 885 3560 deleta
908 3510 1009 3578 sunt,
1032 3516 1110 3560 eum
1130 3511 1237 3565 essent
1253 3520 1305 3570 ro·

264 3597 343 3676 'laus
363 3607 634 3674 Christianorum
657 3607 827 3674 contraria
849 3611 947 3698 (¹18).

278 3763 485 3812 *mbr-'-

319 3895 391 3966 (η)
414 3877 493 3944 Plora
511 3889 542 3944 ‹le
559 3891 607 3946 hac
624 3893 733 3966 epistola
749 3905 776 3949 et
790 3911 848 3954 aene
864 3861 1023 3960 venerabili,
1039 3892 1110 3962 enjus
1127 3891 1155 3946 in
1168 3910 1199 3946 ea
1219 3887 1304 3956 nentia

286 3962 332 4046 lit,
350 3991 376 4031 et
393 3957 534 4050 qul¹Peulo
548 3968 697 4036 simillimus
714 3994 770 4053 est,
787 3959 855 4036 inira
870 3983 986 4034 dicentur
1002 3978 1029 4031 in
1046 3980 1130 4049 eapite
1147 3979 1186 4050 V,
1203 3981 1230 4036 E.

324 4067 396 4138 (18)
414 4068 446 4121 In
469 4086 499 4122 eo
512 4067 598 4124 habeo
618 4067 800 4124 assentientem
814 4067 916 4124 bertam
934 4065 1145 4135 insolitarum,
1164 4069 1207 4139 qul
1224 4070 1247 4121 in
1260 4081 1306 4123 nt-
