2878 4758
541 371 808 461 (257)'

73 591 178 637 rum
222 565 363 632 fortuna
395 547 580 641 segitem,
612 579 680 643 qua
711 552 808 623 facile
845 553 966 635 fiebat,
1002 569 1042 622 ut
1075 557 1170 640 lio-2·¹
1225 615 1231 625 ,

76 685 130 750 ni
156 699 310 770 quoque
335 669 391 740 vel
416 669 540 758 pedena
562 685 781 736 aut'manum
804 669 1015 740 amitterent.
1059 671 1149 738 Cum

81 795 197 861 enim
225 785 374 856 Romani
403 783 575 875 supplicio
605 781 716 848 oruois
754 777 881 847 liberos
907 781 1063 850 hominos
1088 808 1152 852 ra·
1222 819 1224 825 ·

81 903 245 972 rissime
283 897 488 980 afficerent,
524 893 618 962 haud
660 890 839 984 probabile
873 907 954 977 est,
989 891 1154 964 Senecam

87 1009 283 1102 ejusmodi
314 997 509 1096 exemplum
543 1004 731 1079 attulisse.”
774 1005 843 1074 Sed
874 1005 931 1074 rix
965 1001 1061 1072 credi
1086 1021 1157 1092 po·

91 1141 197 1206 teat,
237 1125 330 1192 inter
362 1113 469 1195 maia,
501 1139 587 1208 quae
622 1119 702 1184 viris
737 1116 838 1186 bonis
869 1113 1052 1200 aoeidant,
1090 1115 1157 1184 Se·
1209 1143 1211 1148 ’

97 1257 237 1304 nocam
261 1251 454 1301 numerasse
474 1226 616 1297 minora
645 1226 682 1296 in
714 1226 853 1317 proeliis
877 1242 1039 1318 accepta,
1062 1249 1130 1296 nee
1143 1253 1159 1313 ‚·

101 1345 134 1415 si
179 1358 422 1422 numerasset,
451 1366 492 1412 ea
520 1341 594 1409 istis
627 1337 740 1432 ¹trihus
773 1329 914 1408 vocibus
952 1336 1159 1427 designasse.
1211 1414 1213 1417 ,

102 1459 244 1528 Haeret
269 1455 378 1527 Nanta
407 1458 448 1539 in
475 1451 647 1544 supplicio
672 1449 782 1520 erneis
808 1447 902 1539 apud
927 1449 1096 1520 Romanos
1119 1453 1159 1520 in

103 1571 248 1645 liberos,
280 1570 437 1638 homines
479 1585 550 1632 nou
582 1565 741 1660 usurpari
776 1561 889 1632 solito.
943 1565 1023 1635 Non
1055 1566 1162 1636 abso·

109 1711 200 1754 num
233 1701 308 1768 est,
337 1699 508 1765 statuere,
529 1677 680 1748 Senecae
701 1678 745 1744 in-
765 1693 882 1746 menta
907 1677 1013 1748 fuisse
1035 1697 1161 1751 auctos

112 1819 191 1868 rem
219 1795 391 1885 religionis
414 1809 573 1875 nostrae,
595 1788 655 1881 qui
674 1786 709 1855 ‘oi
727 1791 886 1880 proiecto
909 1811 981 1858 uon
1000 1791 1164 1881 incogni-¹

116 1927 173 1980 tua
195 1909 335 1978 mansit.

161 2019 222 2087 Ad
241 1995 348 2088 ver'ba
370 2017 539 2110 Gep.V1.
569 2012 764 2082 metuenda
786 2029 1022 2087 contemnere.
1063 2017 1166 2086 Nau-·

94 2146 157 2198 vta
189 2127 276 2198 haec
310 2145 431 2222 notata
476 2142 775 2220 «paupertatem,
806 2125 989 2215 dolorem,
1018 2143 1164 2201 mortem
1239 2197 1240 2203 ,

123 2257 344 2310 contemnere
364 2241 483 2330 magni
502 2239 660 2337 profecto
681 2257 734 2309 est
758 2242 874 2312 animi.
916 2239 1021 2312 Unde
1042 2238 1165 2332 philo·

128 2353 243 2442 sophis
263 2353 302 2420 in
323 2352 522 2438 hujusmodi
542 2354 735 2423 constantia
759 2355 981 2426 memoranda
1005 2371 1041 2424 et
1062 2370 1167 2424 oom-'

125 2463 321 2534 mandanda
349 2463 490 2532 solenne
520 2467 665 2536 verbum
696 2480 931 2540 contemnere.
975 2470 1166 2538 Potuerunt

126 2574 193 2644 hoo
224 2575 324 2643 multi
350 2590 481 2646 veteres
513 2578 582 2658 sive
619 2569 729 2646 samaa
766 2581 913 2678 studio„
935 2582 1006 2651 aiva
1032 2584 1166 2676 patriae

130 2711 239 2757 amore
270 2687 392 2773 duoti;
420 2678 550 2786 quanto
576 2691 680 2779 magis
707 2689 816 2777 illud,
839 2693 934 2784 quod
959 2695 1005 2764 de
1026 2697 1167 2768 Christo

130 2802 266 2892 legimus
285 2793 396 2870 ¹Hebr.
418 2799 507 2880 XII.
536 2822 569 2870 a.
594 2825 731 2872 oruoem
759 2827 837 2874 eum
871 2804 1052 2898 tolerasse,
1075 2832 1164 2881 eon·

131 2930 229 2984 temta
249 2912 433 3004 ignominia
443 2919 454 2986 t
466 2916 491 2989 ’ἶ
