2940 4780
685 368 868 466 (15⁶)

256 560 363 630 allum
382 553 709 656 quidem'vestlgium
724 561 896 654 reperitur
908 562 944 628 in
956 559 1110 654 epistolis
1126 557 1299 630 Pauliaiss

258 679 579 761 Commemoraaset,
612 679 640 742 si
659 699 919 745 commemorare
937 678 1112 770 potuisset.
1167 672 1294 741 Paulus

257 792 400 882 quidem
430 791 537 859 refert
563 791 680 860 tCor.
700 785 772 874 Xl,
795 815 834 870 lt
865 791 981 858 rGor.
1003 789 1056 873 V‚·
1078 795 1137 868 16,
1154 811 1208 892 ‘se
1232 790 1293 855 vi·

258 903 349 972 disse
364 903 562 990 Christum,
583 905 643 973 sed
662 905 729 984 ita,
752 923 813 989 ut,
847 905 998 994 quaeda
1023 906 1102 972 lesu
1122 929 1141 970 a
1163 925 1197 969 se
1221 902 1295 971 viso

257 1016 387 1104 refert,
419 1020 464 1088 ad
483 1021 716 1086 narrationem
741 1019 821 1088 Act.
839 1015 913 1101 Ix,
932 1023 951 1089 5
973 1041 1054 1113 sqq.
1085 1020 1157 1086 sine
1184 1015 1293 1084 dubio

257 1127 468 1225 pertineant.
512 1133 549 1200 Si
567 1133 623 1200 vel
641 1157 719 1200 cum
740 1132 999 1203 Schradero
1018 1155 1187 1203 sumamus
1208 1131 1292 1221 (l).

256 1249 403 1319 Paulum
431 1271 521 1315 anno
547 1246 684 1314 demum
711 1248 752 1316 14
770 1273 811 1341 p.
833 1247 918 1316 Chr.
936 1273 973 1316 n.
1005 1267 1119 1318 ortum
1144 1246 1295 1315 natalem

256 1364 442 1449 hahuisse3
478 1379 592 1430 tamen
610 1364 725 1457 posito
743 1385 834 1432 anno
854 1364 941 1430 vitae
967 1361 1190 1447 duodecimo,
1223 1379 1296 1453 quo

258 1476 526 1568 Hierosolymam
541 1475 685 1558 abierit,
707 1474 823 1566 plures
840 1498 947 1544 annos
967 1475 1081 1547 adhuc
1098 1495 1177 1548 ante
1195 1477 1296 1546 initia

257 1575 408 1661 muneris
421 1594 500 1658 lesu
524 1591 659 1680 publici
680 1589 731 1656 ihi
755 1607 981 1660 commoratus
1003 1610 1073 1676 est,
1088 1609 1123 1660 ct
1148 1609 1292 1669 cuncta.

261 1730 350 1798 quae
368 1721 527 1795 spectant
549 1705 664 1773 lesum
688 1705 802 1795 ipsum
823 1704 874 1774 vel
897 1709 970 1793 ejus
994 1706 1212 1787 doctrinam,
1243 1707 1297 1774 vi·

260 1819 368 1886 dendl
387 1837 422 1888 et
449 1817 676 1907 cognoscendi
691 1819 907 1887 occasionem
923 1805 1070 1904 habuit,
1094 1823 1191 1904 cuius
1215 1841 1297 1890 vero

260 1939 314 2004 rei
335 1919 468 2002 nullum
485 1935 663 2018 vestigium
682 1933 719 2000 in
740 1932 1062 2024 Pauliniscpistolis
1078 1953 1183 2003 extat.
1220 1938 1299 2006 Ve-

259 2049 499 2118 risimillimum
513 2063 586 2127 est,
610 2046 751 2120 Paulum
763 2047 902 2118 demum
920 2053 998 2140 post
1012 2049 1091 2115 lesu
1113 2047 1298 2120 discessum

259 2145 527 2254 Hierosolymam
552 2165 690 2236 venisse.

308 2279 345 2347 Si
364 2299 447 2348 vero
474 2276 527 2348 vel
553 2277 698 2347 dubium
719 2297 827 2361 esset.
860 2281 1002 2350 Paulum
1026 2280 1070 2350 ad
1094 2305 1167 2350 cem
1191 2303 1301 2372 usque

262 2410 433 2476 estatem,
465 2418 533 2484 que
553 2391 687 2464 Stoicae
711 2394 948 2490 philosophiae
977 2397 1131 2463 notitiam
1150 2394 1303 2488 aliquam

261 2508 432 2576 imbibere
454 2525 589 2600 posset,
613 2507 715 2574 Tarsi
735 2511 922 2596 mansisse3
948 2509 1168 2577 nihilominus
1189 2526 1302 2578 tamen

262 2621 382 2690 seriori
394 2622 480 2690 ritae
499 2646 575 2690 suae
596 2639 750 2715 tempore
764 2638 843 2712 post
867 2601 1124 2695 conversionem
1141 2647 1203 2716 per
1221 2647 1298 2690 ma·

262 2759 367 2822 gnum
385 2739 547 2826 temporis
560 2735 776 2805 intervallum
794 2737 860 2827 (5)
880 2739 979 2807 Tarsi
993 2731 1215 2807 commoratus
1228 2731 1300 2820 ests,

260 2871 303 2920 ut
323 2877 363 2920 ex
393 2852 489 2921 Actis
518 2867 613 2944 patet
635 2851 706 2934 IX,
727 2857 777 2922 50.
807 2871 842 2920 et
866 2851 924 2920 hic
953 2854 1026 2922 siue
1051 2853 1175 2938 dubio,
1211 2853 1299 2918 sicut

255 2968 432 3052 Athenis,
456 2990 534 3034 cum
553 2965 767 3060 philosophis
790 2965 935 3035 ethnicis
955 2965 1139 3035 collocutus
1163 2983 1215 3035 est
1231 2990 1293 3034 co·

256 3107 408 3173 rumque
429 3081 555 3169 placita'
573 3081 801 3166 cognoscendi
822 3081 1033 3151 occasionem
1053 3082 1185 3151 hahuit·

269 3230 273 3236 ·
303 3198 343 3262 B.
373 3197 599 3261 Transeamus
626 3193 845 3292 adsectando
870 3195 945 3262 loco
972 3199 1131 3290 positum.
1182 3195 1323 3262 Neruo·

261 3313 354 3378 inter
385 3324 560 3380 auctorem
584 3324 719 3373 nostrae
746 3308 906 3398 epistolae
936 3332 970 3381 et
999 3313 1161 3380 Senecam
1186 3310 1224 3376 iu
1256 3329 1297 3374 eo

252 3429 334 3492 'esse
346 3423 487 3514 potuit,
509 3438 547 3490 ut
562 3423 658 3490 alter
676 3417 831 3490 alteriue
854 3429 994 3517 scripto
1012 3429 1143 3516 legerit
1160 3442 1194 3492 et
1209 3423 1297 3492 alter

254 3611 444 3636 m

298 3739 358 3810 (4)
381 3735 501 3806 Plerique
528 3753 579 3790 ron
601 3732 700 3792 laelios
717 3740 875 3810 argumentis
896 3740 1007 3813 permoti
1033 3755 1098 3794 arno
1117 3756 1134 3795 r
1150 3757 1176 3810 p.
1194 3735 1257 3800 Chr.
1273 3755 1302 3801 ι.

261 3827 370 3880 Paulum
387 3836 476 3878 natum
493 3841 547 3878 cue
564 3824 729 3884 contendunt.

246 3947 250 3954 ·
300 3913 352 3985 (5)
379 3910 685 3968 Renuntiemus
705 3925 758 3969 trra
776 3915 1222 3970 leraannosTat-s'icommoratum
1245 3927 1308 3985 csse¹
1344 3956 1346 3960 Α

265 3997 417 4067 Apostolum
439 3997 570 4052 eontentllt
592 4019 616 4070 p.
634 4004 668 4057 io
686 4019 742 4074 sqq.
778 4001 951 4057 Schrader
977 4001 1072 4058 Lib-l.
1098 4019 1122 4072 p.
1140 4005 1174 4057 80
1198 3999 1285 4053 hretia

261 4083 426 4144 intervallum
443 4097 582 4158 conputat.
1275 4111 1281 4128 «,
