2878 4758
684 373 859 460 (⁹⁰4)

268 571 422 634 constet,
452 555 516 620 lsoc
541 555 669 621 factum
699 579 770 622 esse
791 581 878 640 aru.
904 579 932 621 c·
954 547 1037 644 711}
1069 556 1258 644 sequitur,
1292 555 1335 624 ti

267 671 397 740 Seneca
426 670 463 734 in
494 669 564 732 istis
599 667 712 734 serbis
737 686 893 736 accurate
915 669 1048 736 locutus
1071 689 1106 736 et
1130 695 1198 738 non
1225 695 1326 738 nu-

264 807 367 852 rnero
391 781 542 850 rotundo
564 805 642 846 usus
664 799 734 862 est,
755 781 930 874 epistolam
954 783 1098 852 Senecae
1124 786 1214 851 hauc
1242 805 1326 850 aex

257 919 375 972 ,unnos
397 913 474 962 ante
493 898 566 980 ejus
587 913 732 962 mortem
755 897 919 984 scriptam
941 919 1025 966 esse.
1068 897 1137 966 Sed
1160 897 1324 988 plenae-⁶

260 1035 337 1103 que
354 1009 400 1078 sd
422 1011 528 1080 serios
549 1026 686 1099 tempus
707 1009 907 1078 referendae
931 1027 1023 1077 suut.
1139 1047 1144 1055 ·

236 1127 240 1146 '
310 1125 513 1192 Naturales
539 1124 777 1206 Quaestiones
798 1123 936 1192 biennio
963 1141 1041 1192 ante
1060 1139 1205 1190 mortem
1232 1143 1318 1186 au-

256 1239 370 1304 eloris
390 1237 539 1324 scriptae
560 1254 652 1304 suut.
697 1235 867 1328 Loquitur
887 1237 979 1304 enim
994 1237 1093 1306 initio
1111 1235 1191 1302 libri
1212 1235 1318 1302 sexti

259 1349 309 1416 ,cte
330 1333 439 1418 terrae
457 1369 569 1431 mota,
587 1353 646 1442 qui
668 1351 889 1441 Campaniam
909 1354 1100 1434 concussit,
1123 1349 1256 1437 Regulo
1270 1363 1318 1415 et

265 1466 422 1551 Virginis
455 1463 676 1546 consulibus,
708 1467 767 1556 qui
794 1463 934 1532 suerunt
968 1463 1122 1533 eonsules
1159 1464 1314 1531 biennio

267 1598 345 1647 ante
364 1595 472 1646 morte
486 1579 654 1650 Senecae.
679 1576 721 1644 ab
744 1603 777 1644 ιι.
802 1601 832 1644 c.
847 1579 923 1648 816.
947 1603 983 1670 p.
1002 1579 1085 1647 Chr.
1105 1581 1192 1648 uos
1216 1577 1307 1666 (ιο).

311 1695 417 1759 Liber
439 1693 481 1758 de
501 1691 736 1760 Providentia
757 1675 844 1758 nihil
858 1687 998 1780 'quidem
1015 1695 1186 1770 continet,
1206 1689 1307 1779 qnod

269 1807 310 1875 sd
337 1809 582 1875 accuratiorem
614 1807 792 1897 temporis,
814 1827 883 1896 quo
909 1804 1056 1894 scriptus
1078 1825 1149 1889 est,
1168 1804 1308 1873 defini·

258 1923 397 1988 ⁴tionem
419 1921 565 1988 confert.
610 1919 679 1987 Sed
706 1943 783 1986 cum
807 1921 978 2008 Epistulae
1004 1920 1048 1986 ad
1077 1919 1243 1988 Lucilium
1268 1933 1307 1984 et

260 2019 446 2104 ,Naturales
468 2035 693 2124 Quaestiones
725 2035 758 2101 ei
788 2032 963 2101 dedicatae
996 2059 1015 2100 a
1046 2057 1126 2102 oenc
1156 2035 1310 2122 scriptae

230 2203 233 2208 .
259 2150 360 2226 sint,
385 2150 547 2242 suspicari
572 2147 672 2223 licet,
704 2149 799 2216 hunc
825 2149 926 2215 etiam
951 2148 1106 2216 libellum
1133 2149 1307 2218 aSeneca
1412 2153 1413 2158 ’

270 2288 352 2332 acue
371 2264 540 2351 scriptum
556 2285 639 2328 esse.
685 2261 760 2328 Huc
780 2261 883 2330 etiam
897 2261 1101 2345 collineant,
1121 2287 1206 2354 quae
1226 2285 1256 2329 c.
1273 2263 1303 2329 1.

262 2375 1303 2470 ·ffims«Swumoemmmoemmmmffssmffloemqme

262 2495 308 2558 rin
337 2486 617 2558 antecedentibus
644 2488 893 2575 contenderat,
914 2513 985 2558 nou
1007 2491 1080 2558 sine
1101 2491 1216 2582 aliquo
1237 2511 1301 2556 cta-'-
1412 2555 1413 2564 ,

269 2605 367 2674 stode
390 2621 425 2672 et
450 2619 584 2672 rectore
617 2601 768 2671 sidemm
801 2621 931 2670 certum
958 2601 1150 2672 discursum
1176 2619 1210 2672 et
1240 2605 1300 2668 in·

270 2719 434 2788 offensam
451 2715 681 2798 velocitatem,
703 2718 816 2784 infusa
840 2715 982 2785 vallibus
1008 2719 1134 2803 maria,
1156 2717 1299 2808 pluviae,
1321 2791 1326 2801 ¹

261 2834 383 2902 ¹arabes
407 2849 444 2899 et
466 2831 627 2902 elisorum
644 2831 827 2900 fulminum
853 2833 986 2917 jactus,
1004 2851 1040 2902 st
1056 2831 1218 2902 incendia
1237 2855 1300 2898 ru-

262 2953 342 3038 -ptis
366 2951 530 3014 montium
551 2946 736 3014 verticibus
763 2943 889 3026 effusa,
911 2963 946 3011 et
975 2963 1137 3015 tremores
1156 2948 1298 3014 labantia

261 3062 354 3138 soli,
377 3078 413 3126 et
434 3083 585 3126 accessus
605 3075 640 3126 et
661 3079 814 3126 recessus
840 3058 963 3139 maria,
992 3075 1028 3126 st
1060 3059 1301 3126 vicissitudines

261 3174 356 3242 muni
386 3171 585 3260 posse'fieri
609 3188 645 3236 et
676 3187 844 3238 constare.
900 3172 988 3257 Ergo
1019 3172 1093 3240 vult
1122 3171 1189 3238 alio
1214 3173 1301 3240 libro

272 3285 340 3354 ltoc
369 3285 474 3351 fusius
497 3281 652 3368 digerere
674 3299 710 3349 et
739 3282 983 3354 demonstrare·
1026 3286 1093 3356 Hic
1121 3285 1210 3354 tiber
1235 3310 1303 3358 non

257 3483 484 3513 ,μη-ιιι·-

240 3633 265 3683 .'
312 3595 383 3667 (πο)
409 3589 437 3646 si
460 3588 545 3652 Taciti
568 3590 680 3650 Annales
697 3593 760 3664 XV,
777 3615 819 3656 π.
844 3615 998 3670 aquantur,
1016 3598 1040 3656 is
1061 3610 1144 3654 tersae
1164 3609 1244 3654 motos
1258 3617 1302 3656 tc·

265 3681 342 3755 ¹cidit
357 3697 382 3736 a.
400 3697 425 3734 ιι.
443 3696 466 3730 c.
485 3681 544 3736 816.
579 3676 605 3731 ls
622 3679 676 3734 sit:
712 3681 774 3740 sEt
789 3695 859 3737 motu
876 3696 961 3740 tarsae
976 3684 1076 3740 celebre
1091 3683 1242 3754 Campaniae
1255 3704 1301 3758 op·

262 3768 385 3848 lpidam,
403 3763 534 3835 Pompeii,
551 3784 641 3834 magna
658 3783 690 3821 ex
705 3780 779 3840 parte
792 3773 918 3829 corruit”
955 3770 1182 3825 reassumam
1199 3771 1298 3830 sedecim

278 3856 352 3912 annia
365 3861 422 3923 post
436 3867 547 3903 massam
564 3869 618 3905 esse
627 3855 739 3925 repetito
753 3867 939 3926 terraemotu,
954 3858 1029 3912 docet
1039 3857 1209 3915 Dio-Cassius
1219 3860 1298 3929 lxvi,

260 3943 331 4028 Ιβᾶ,
348 3940 366 3996 ἰ.
384 3959 407 3995 e.
435 3955 500 3996 anuo
518 3957 543 4016 p.
560 3938 620 3997 Chr.
639 3959 665 3998 n.
677 3960 716 4018 79.
740 3941 793 4002 Cir.
811 3943 977 4018 Ruhkapi
989 3943 1022 3998 ad
1038 3960 1094 4016 cap.
1111 3945 1136 4005 l.
1156 3946 1221 4006 'litai
1240 3946 1297 4005 suti

278 4023 339 4086 llat-
356 4025 464 4088 Quaeso.
612 4053 614 4058 π
817 4075 819 4080 .
