2940 4780
598 383 619 473 (Ι
658 381 718 473 137
761 382 776 469 l

170 575 215 645 ab
238 573 345 640 altero
367 567 533 638 nonnulla
551 583 723 634 mutuatus
740 569 796 633 sit.
833 567 906 634 Hoc
931 591 1035 651 vero,
1055 595 1123 661 pro
1148 599 1214 644 ex.

170 687 375 779 emplarium
389 683 702 775 manuscriptorum
719 681 858 750 raritate
880 699 914 748 et
934 688 1077 782 maxime
1092 709 1214 758 recens

168 796 580 876 exaratorumlibrorum‚
604 793 797 884 cujusmodi
813 813 885 864 tum
901 801 1063 892 temporis
1082 805 1214 896 scripta

169 918 315 989 Senecae
341 928 377 981 et
399 908 496 977 Pauli
524 924 643 995 erant,
675 909 772 979 nullo
799 910 865 979 alio
885 911 962 981 loco
985 919 1212 1007 opportunius

167 1033 245 1102 fieri
262 1027 379 1120 potuit
400 1048 502 1118 quam
517 1027 666 1111 Romae,
689 1026 751 1093 ubi
772 1029 902 1094 Seneca
919 1017 1134 1098 domicilium
1153 1033 1212 1101 hs·

165 1146 257 1215 buit.
302 1144 377 1209 Jam
397 1164 439 1207 ex
461 1139 631 1208 historicis
657 1142 888 1228 argumentis,
912 1167 999 1233 quae
1018 1143 1110 1213 inira
1130 1131 1214 1239 pio·

165 1260 343 1341 ferentur,
366 1254 483 1324 doceri
494 1240 628 1348 potest,
651 1256 795 1325 Paulum
808 1255 928 1326 saltem
946 1283 1010 1349 per
1027 1260 1211 1331 biennium

164 1396 207 1443 eo
233 1391 386 1463 tempore
412 1375 541 1440 Romae
567 1388 814 1460 commoratum
838 1395 932 1452 esse,
965 1394 1035 1465 quo
1051 1371 1211 1467 plerique

165 1486 248 1555 libri
269 1490 418 1556 Senecae
435 1484 489 1557 rel
506 1489 576 1574 jam
591 1475 712 1581 scripti
730 1502 864 1572 esseut,
877 1487 931 1556 vel
951 1483 1208 1573 scriberentur,

164 1624 274 1693 eoque
295 1599 367 1669 sere
391 1618 545 1693 tempore
565 1601 731 1693 scriptam
751 1624 822 1669 esse
850 1600 895 1668 ad
925 1602 1100 1670 Hebraeos
1122 1593 1209 1692 cpi-⁵

165 1714 298 1802 stolam.
316 1789 320 1796 ,
342 1719 430 1787 Cum
446 1739 529 1786 vero
551 1715 596 1785 de
613 1715 709 1785 nullo
727 1714 794 1784 alio
811 1716 961 1805 doctore.
975 1733 1046 1782 tum
1066 1733 1211 1811 tempo-¹

162 1835 211 1899 ris
233 1833 510 1902 Christianorum
531 1848 686 1914 constet,
710 1831 770 1921 qui
793 1831 919 1899 Romae
937 1853 1001 1920 per
1025 1833 1204 1902 biennium

161 1964 388 2014 commoratus
403 1949 468 2028 sit,
493 1963 529 2014 et
547 1945 720 2012 librorum
741 1945 890 2016 Senecae
908 1943 1131 2030 legendorum
1149 1945 1204 2018 vel

158 2058 369 2128 desiderium
382 2060 435 2127 vel
449 2059 662 2126 occasionem
677 2058 806 2125 habere
824 2056 976 2147 potuerit
985 2081 999 2148 3
1023 2059 1060 2130 id
1074 2065 1201 2149 etiam,

158 2173 253 2264 quod
278 2171 430 2244 secundo
449 2170 527 2240 loco
545 2173 744 2263 posuimus,
776 2169 868 2242 savet
889 2171 1012 2260 origini
1033 2178 1196 2272 epistolae

155 2281 292 2356 nostrae
313 2285 488 2357 Paulinae.

199 2401 242 2472 C.
276 2400 344 2469 Sed
363 2425 416 2470 res
433 2401 596 2471 redditur
608 2397 825 2494 expeditior,
847 2401 875 2470 si
889 2421 1077 2491 sumamus,
1102 2411 1197 2502 quod

156 2514 258 2582 tertio
275 2513 352 2582 loco
373 2519 523 2608 positum
541 2533 637 2601 erat,
659 2516 752 2584 inter
766 2533 939 2589 auctorem
958 2501 1095 2590 nostiae
1114 2528 1195 2617 epi·

154 2625 259 2716 stolae
280 2645 316 2715 et
333 2627 497 2696 Senecam
514 2631 807 2700 consuetudinem
821 2633 883 2716 trel
890 2633 1196 2722 familiaritatem

156 2743 339 2834 quandam
360 2744 540 2810 extitisse.
592 2745 720 2832 Quod,
739 2745 784 2812 -si
815 2747 1054 2838 probabilibus
1086 2773 1192 2838 argu·

153 2858 277 2924 mentis
299 2855 418 2924 doceri
440 2857 577 2948 potuit,
607 2857 716 2922 instar
737 2862 890 2923 omnium
921 2877 973 2924 est
993 2859 1038 2939 ad
1060 2883 1191 2932 conre-

151 2972 319 3039 nientiam
334 2971 426 3041 inter
447 2971 625 3062 epistolam
643 2968 686 3037 ad
706 2969 877 3037 Hebraeos
896 2989 930 3038 et
948 2975 1076 3066 scripta
1096 3001 1190 3043 non-

152 3087 246 3154 nulla
267 3089 416 3156 Senecae
440 3089 507 3154 rite
535 3083 787 3177 explicandam.
833 3082 906 3152 Hoc
934 3091 1027 3157 enim
1052 3091 1188 3180 posito,

151 3199 391 3290 intelligimus,
422 3201 567 3296 quavis
590 3201 739 3270 Senecae
764 3199 892 3290 scripta
913 3203 1048 3292 auctori,
1072 3211 1190 3270 nostro

149 3309 365 3384 innotescere
384 3317 584 3423 potuerint,
609 3318 673 3406 qul
703 3307 831 3383 iactum
849 3316 911 3398 sit,
935 3334 973 3384 ut
991 3341 1069 3384 nun·
1086 3320 1189 3386 modo

152 3433 258 3524 Stoici
282 3431 368 3525 quid
387 3432 424 3522 in
445 3431 590 3524 epistola
605 3429 648 3496 ad
663 3431 856 3511 Hebraeos,
881 3430 1058 3528 sedetiam
1076 3421 1184 3498 Chri·
1226 3506 1229 3510 ¹

32 3549 36 3562 “
148 3538 251 3612 ‘suani
273 3547 358 3638 quid
384 3549 421 3613 in
443 3543 619 3612 nonnullis
644 3547 781 3638 scriptis
811 3546 962 3614 Senecae
981 3545 1185 3638 reperiatur.

150 3657 227 3723 iam
244 3683 324 3729 vero
346 3677 442 3730 vetus
463 3677 515 3728 est
537 3658 702 3742 traditio,
735 3661 827 3726 inter
851 3658 994 3729 Paulum
1017 3676 1052 3727 et
1073 3659 1186 3728 Sene-

150 3792 226 3836 enm
246 3765 581 3844 consuetudinem'et
598 3773 862 3841 familiaritatem
878 3769 1049 3864 quandam
1070 3775 1184 3841 inter-

148 3885 300 3954 cessisse.
344 3893 393 3957 De
420 3888 487 3956 hac
509 3887 696 3971 traditione
723 3889 881 3979 sequenti
903 3885 1014 3979 capite
1036 3889 1186 3965 dicetur.
