2940 4780
570 353 589 453 (
620 365 691 461 stit
739 369 753 452 )

130 545 312 627 ἸΙιιιιίιιὶιιιιι
338 539 409 616 hoe
428 546 573 635 Longini
593 547 639 614 ‹le
669 547 776 616 Paulo
800 547 1173 644 eloquentc'qiaicletut

132 672 226 752 eed,
258 687 344 756 quae
360 661 517 756 profert,
551 663 658 727 firmis
680 660 884 744 argumentis
906 683 974 726 non
1005 667 1173 740 corrohoa
1271 689 1274 698 ’

137 799 244 854 rante
259 778 413 869 iniquius
437 789 507 857 est,
538 771 599 841 sed
622 797 642 838 a
664 791 810 860 persona
833 767 1006 858 Longini,
1029 775 1177 843 hominis

137 885 300 980 religioni
331 886 543 956 Christianae
577 882 786 951 adversantis
809 897 845 948 et
875 904 967 948 cum·
984 885 1177 976 Porphyrio

135 1004 305 1080 Malcho,
317 1000 487 1068 acerrimo
496 995 658 1082 evangelii
674 995 933 1085 impugnatore,
949 995 1176 1063 familiarissi-

140 1135 202 1190 me
221 1116 386 1198 viventis,
410 1105 808 1200 nequaqnamalienum.
841 1108 1013 1195 Longinus
1034 1108 1100 1175 hoc
1118 1111 1181 1193 jus

144 1221 242 1296 dicio
261 1223 424 1307 Paulum,
448 1237 619 1311 tamquam
631 1220 816 1307 Religionis
837 1219 1071 1299 Christianae,
1093 1243 1180 1312 quac

140 1340 216 1434 ipsi
230 1359 300 1404 non
318 1335 419 1402 firmo
437 1333 661 1402 fundamento
673 1331 739 1398 niti
754 1329 956 1419 videbatur,
979 1331 1178 1468 docturum,

141 1471 294 1540 carpere
314 1446 431 1516 voluit.
506 1491 509 1498 -

144 1597 151 1608 ·
194 1565 310 1654 Atque
319 1559 476 1652 profecto
488 1560 677 1628 secundum
688 1559 1182 1652 speetmeneloquennaeliau-

148 1679 262 1756 linae,
292 1673 386 1766 quod
415 1676 522 1740 Lucas
546 1678 583 1740 in
603 1677 699 1742 Actis
717 1674 817 1742 XVII
833 1677 998 1758 exhibet,
1029 1689 1064 1740 ct
1085 1667 1179 1763 quud

150 1792 277 1884 passim
297 1793 335 1856 in
354 1789 428 1876 ejus
445 1788 613 1882 epistolis,
625 1812 656 1854 c.
674 1811 708 1872 g.-
730 1809 747 1853 1
764 1787 846 1856 Gor.
856 1789 941 1856 XllI
957 1799 1069 1868 extat,
1081 1784 1179 1870 judi-

152 1903 236 1972 care'
249 1921 426 1994 possumus
447 1920 572 1993 quanta
591 1903 625 1970 vi
645 1917 679 1966 et
696 1905 869 1990 φρονήματι
888 1902 925 1966 in
946 1891 1097 1968 dicendo
1117 1919 1182 1963 ex·

151 2016 331 2103 calluerit,
363 2039 466 2105 quam
492 2014 635 2088 idoneus
657 2014 702 2078 ad
735 2016 903 2082 orationes
928 2010 1182 2104 componendas

149 2131 274 2206 fuerit,
290 2145 325 2194 et
347 2126 488 2217 quidem
505 2125 696 2214 ejusmodi,
709 2141 747 2192 nt
760 2126 882 2194 Paulus
903 2155 922 2194 a
939 2127 1095 2212 Longino
1111 2123 1185 2191 cla-

151 2246 200 2313 ris
222 2242 411 2310 oratoribus
434 2241 595 2306 Graeciae
616 2239 835 2307 annumerari
858 2257 975 2328 posset
997 2240 1081 2330 (9).
1111 2289 1114 2316 ἶ
1168 2309 1172 2320 ,

197 2359 287 2425 Haec
305 2341 529 2427 del’ehlinae
546 2352 761 2442 eloquentiae
778 2353 813 2421 vi
831 2372 866 2420 et
885 2355 1081 2425 celebri-tate
1099 2354 1181 2444 cpi-

154 2476 212 2540 nio
223 2488 414 2562 repugnare
432 2463 581 2555 quidem,
592 2465 728 2532 videtur
741 2466 819 2534 loco
837 2487 855 2534 ι
870 2469 952 2536 Cor.
972 2469 1023 2536 XI
1033 2517 1043 2552 ,
1059 2474 1099 2547 6,
1122 2467 1184 2534 nbi

91 2576 93 2582 ’
155 2582 279 2652 Paulus
297 2605 338 2646 se
351 2582 463 2666 ipsum
489 2595 586 2645 vocat
606 2583 724 2660 listinae
743 2586 785 2668 τῷ
805 2583 900 2667 λόγῳ.
934 2579 1013 2651 ‘Sed
1036 2581 1187 2658 diversae

157 2714 237 2767 sunt
258 2693 304 2776 de
321 2692 374 2756 his
390 2689 502 2758 verbis
514 2689 726 2778 explicandis
746 2689 972 2784 interpretum
990 2698 1189 2782 sententiale.

149 2813 249 2880 =Sunt
269 2806 380 2887 enim,
404 2818 444 2868 ut
462 2803 533 2890 jam
551 2826 655 2890 supra
675 2805 713 2870 in
734 2807 924 2886 Prodromo
945 2823 1097 2900 notatum
1116 2826 1190 2890 est,

149 2925 221 3016 qui
243 2917 456 3000 existiment,
480 2915 621 2990 Paulum
636 2940 673 2983 se
693 2920 870 2988 nominare
881 2927 1007 3002 lituras
1024 2928 1067 3008 τῷ
1084 2925 1185 3008 alan,

161 3061 231 3107 non
261 3047 429 3124 quatenus
453 3029 662 3096 dexteritatis
685 3031 722 3097 in
747 3029 896 3100 dicendo
923 3034 1028 3102 fuerit
1066 3037 1192 3123 (unica

161 3145 251 3219 enim
271 3163 386 3214 coram
415 3141 683 3210 Atheniensibus
711 3145 749 3212 in
776 3148 956 3236 Areopago
981 3151 1192 3218 oratiuncula

160 3264 276 3333 hahita
298 3257 509 3328 contrarium
539 3255 722 3342 doceret),
758 3260 818 3327 sed
847 3267 1012 3352 quatenns
1045 3267 1193 3332 tenuiter

143 3389 147 3436 ἴ
161 3369 455 3470 pronuntiaverit,
469 3371 599 3438 actione
611 3371 698 3440 bene
712 3377 896 3466 composita
913 3380 1082 3458 caruerit,
1100 3399 1190 3492 qua·

118 3517 123 3524 ⁶
182 3547 183 3552 ,
193 3547 195 3552 ,
321 3541 326 3550 ι
363 3543 370 3566 1

163 3647 299 3729 sollicitae,
315 3659 384 3712 sed
375 3647 587 3730 ingentiauiuo,
604 3641 680 3732 prout
695 3647 805 3734 impetus
820 3655 898 3732 tulit,
913 3671 955 3718 ιιι
967 3660 1194 3737 inciperetquetl-

166 3700 898 3818 tis.ie'necadasseaetv11,s.'

145 3821 149 3830 ’
199 3823 253 3901 (9)
278 3830 386 3889 Graecis
402 3833 574 3888 oratoribus
565 3823 593 3889 ιιι
611 3848 660 3887 usu
678 3831 773 3904 suine,
796 3854 846 3890 non
866 3836 947 3891 solum
965 3837 998 3892 (le
1014 3819 1089 3893 nehus
1102 3834 1191 3898 civili·
1245 3871 1247 3878 ι

117 3915 119 3920 ”
139 3932 143 3942 ·
162 3919 224 3980 hus,
242 3908 381 3974 sedetiam
397 3915 520 3976 derebus
537 3921 617 3976 sacris
630 3922 760 3978 orationes
774 3933 944 3995 componere,
962 3927 1071 3979 testatur
1085 3925 1193 3980 Plutar-

164 3999 428 4090 chusiuVitedecem
441 4006 578 4079 Oraturuut
596 3999 733 4066 Graeciae
752 4011 781 4064 Iu
795 4006 981 4090 LyeurgiVitt
995 4009 1073 4068 dicit:
1081 4011 1191 4112 »Mul-

164 4107 201 4149 tas
218 4065 298 4148 etiam
315 4091 347 4147 (le
364 4089 440 4150 nehus
456 4091 536 4153 sacris
553 4081 604 4151 hah
