2928 4754
584 383 616 467 .(
659 381 700 470 ⁰9
730 381 763 467 f)

162 571 223 632 ias
240 562 384 632 hominis
407 557 661 651 praecaeteris
696 559 895 630 animalibus
920 559 1058 651 ejusqui
1080 581 1191 650 gens·

162 681 328 750 rosiorem
353 674 506 746 indolem
530 673 718 756 describit,
739 675 789 742 ita
809 671 995 741 concordet
1013 695 1090 742 cum
1113 677 1191 744 loco

160 793 315 862 Senecae
345 790 390 857 de
417 788 538 857 Benef.
561 791 617 870 ΙΙ,
640 785 702 876 59,
731 805 770 854 ut
798 809 921 880 operae
946 787 1093 881 pretium
1119 811 1191 856 esse

161 905 344 982 videatur,
366 904 462 969 bunc
483 925 560 968 cum
578 901 638 966 illo
657 923 864 992 comparere.
906 899 1022 970 Verba
1042 903 1195 976 Senecae

144 1036 260 1086 suntr
307 1017 482 1100 «Cogite,
515 1032 640 1105 quante
661 1015 760 1080 nobis
783 1015 942 1080 tribuerit
964 1037 1090 1104 parens
1122 1039 1188 1082 nc·

156 1148 255 1206 ster,
287 1145 414 1216 quanto
443 1130 539 1194 nobis
570 1127 758 1195 valentiore
789 1127 945 1194 animalia
975 1127 1039 1193 sub
1074 1129 1191 1213 jugum

159 1241 370 1321 miserimus,
390 1259 516 1327 quanto
535 1240 700 1307 velociora
717 1263 982 1330 consequemur,
1006 1263 1107 1330 quam
1129 1242 1189 1306 ni-

159 1353 212 1420 bil
235 1356 278 1420 sit
302 1353 462 1434 mortale,
487 1377 557 1420 non
584 1354 647 1420 sub
672 1354 744 1420 ictu
775 1371 893 1421 nostro
915 1355 1075 1446 positum.
1120 1357 1192 1424 Tot

160 1468 302 1538 virtutes
324 1469 536 1560 accepimus,
558 1484 610 1534 tot
632 1483 743 1548 artes,
766 1467 914 1533 animum
939 1467 1109 1561 denique,
1134 1469 1189 1536 cui

160 1581 250 1650 nihil
276 1605 347 1648 non
368 1581 509 1664 ecdem,
543 1603 612 1669 quo
636 1579 805 1658 intendit,
836 1599 1006 1648 momento
1033 1584 1189 1673 pervium

158 1712 233 1780 est,
253 1695 422 1762 sideribus
441 1693 665 1776 velociorem,
681 1715 826 1782 quorum
842 1709 920 1780 post
935 1693 1039 1762 multe
1055 1695 1186 1764 saecule

156 1809 291 1878 futuros
319 1813 435 1874 cursu's
466 1805 650 1876 antecedit.
676 1809 829 1872 -Bene
854 1807 1024 1872 aestimate
1049 1825 1189 1878 naturae

154 1919 390 2008 indulgentie,
414 1918 605 1986 confitearis
623 1941 759 1985 necesse
780 1935 850 2000 est,
874 1921 909 1984 in
931 1918 1060 1988 deliciis
1084 1937 1117 1988 te
1136 1919 1187 1988 illi

152 2036 267 2102 fuisse.
310 2036 364 2101 Ite
387 2049 462 2100 este
498 2030 685 2098 carissimos
714 2053 776 2096 nos
804 2032 997 2099 habuerunt
1027 2036 1080 2102 Dii
1115 2037 1184 2103 im·

152 2147 328 2221 mortales,
341 2164 377 2218 et
392 2147 451 2239 qui
463 2144 625 2210 maximus
645 2143 752 2210 tribui
770 2145 878 2212 honos
895 2151 1029 2236 potuit,
1044 2148 1086 2214 ab
1101 2149 1183 2235 ipsis

154 2261 327 2352 proximos
351 2258 613 2326 collocaverunt.
655 2257 781 2342 Magne
815 2261 1022 2348 accepimus,
1052 2267 1182 2349 majore

144 2398 223 2441 -non
252 2371 442 2462 cepimus.”
486 2371 561 2439 cfr.
590 2369 634 2437 de
665 2371 780 2439 Renes.
806 2373 878 2458 Vl,
906 2379 969 2459 23,
994 2378 1055 2465 qui
1086 2378 1180 2446 locus

149 2490 255 2554 etiem
272 2488 363 2554 lectu
385 2486 600 2573 dignissimus
620 2503 682 2553 est.

199 2597 257 2666 Ad
287 2609 335 2665 vs.
356 2625 398 2686 9:
420 2601 536 2676 ’Ὅπως
559 2603 666 2686 χάριτι
688 2604 754 2672 θεοῦ
777 2605 853 2688 ὑπὲρ
882 2581 999 2682 nestit
1028 2609 1181 2687 γεύσηται

157 2711 300 2781 θανάτου.
340 2711 453 2776 Primo
473 2711 611 2800 quidem
629 2713 819 2778 notandum
836 2731 905 2798 est,
930 2718 1115 2785 lectionem
1141 2721 1179 2786 in

154 2841 294 2904 textum·
314 2837 490 2913 receptam
512 2824 619 2910 χάριτι
639 2811 709 2892 ’θεοῦ
732 2824 829 2890 valde
856 2841 1062 2914 suspectam
1081 2831 1182 2921 eique

147 2937 333 3008 lectionem
349 2940 445 3023 χωρὶς
466 2941 531 3008 θεοῦ
553 2957 624 3002 esse
640 2933 900 3023 praeferendam
922 2938 986 3029 (18
997 2947 1022 3024 ).
1064 2944 1183 3012 Lectio

152 3053 246 3140 χωρὶς
268 3055 333 3120 θεοῦ
353 3065 404 3115 εει
426 3050 516 3116 enim
538 3047 784 3138 antiquissime.
837 3055 978 3124 Veteres
998 3057 1180 3128 nonnullos

151 3166 287 3232 ecdicos
303 3166 351 3230 ita
381 3160 498 3246 legisse
522 3176 663 3228 testetur
681 3164 867 3252 Origenes,
890 3169 951 3258 qui
973 3161 1073 3240 Tem.
1090 3175 1117 3240 Ι.
1141 3177 1177 3244 in

152 3279 300 3346 Johenn.
313 3299 349 3365 p.
365 3275 419 3344 58.
442 3275 482 3341 Ε.
498 3273 541 3339 de
557 3275 697 3344 Christo
712 3275 875 3367 loquens,
893 3285 988 3368 χωρὶς
1006 3289 1069 3372 yde
1090 3293 1178 3374 θεοῦ,

147 3395 285 3484 inquit,
309 3395 382 3477 ὑπὲρ
399 3393 516 3469 παντὸς
535 3393 688 3474 ἐγεύσατο
711 3395 862 3481 dereiner,
883 3395 955 3485 ὅπερ
974 3399 1006 3470 ἓν
1022 3425 1084 3472 οισι
1105 3416 1177 3475 κεῖ·

154 3570 369 3589 *nu-nunu..-

183 3673 258 3743 (18)
281 3672 467 3730 blichee'lia
488 3686 564 3746 putet
590 3678 686 3752 serien
707 3677 779 3764 'heus
805 3680 942 3736 lectionem
966 3694 1049 3741 ortam
1065 3687 1132 3754 [ease
1148 3705 1180 3742 ex

148 3757 281 3815 idiomatis
295 3761 424 3834 Hebraei,
442 3777 493 3835 quc
510 3759 657 3836 scriptasit
674 3763 799 3836 epistole,
815 3765 880 3822 false
899 3755 1030 3834 tersione,
1052 3771 1091 3826 ibi
1111 3775 1178 3830 scri.

148 3859 222 3921 ptum
237 3847 316 3902 foisse
331 3852 430 3931 Ἴρῳ,
448 3861 475 3904 et
495 3849 544 3906 boe
561 3851 593 3904 ab
608 3853 748 3925 interprete
764 3866 892 3912 motatum
908 3874 962 3912 esee
987 3858 1015 3914 in
1034 3861 1111 3942 Ἴρῳ
1125 3879 1179 3930 χε-

150 3953 201 4020 ρίς.
232 3949 284 4006 Sed
301 3950 365 4006 [eleo
383 3952 491 4021 statuit,
518 3953 670 4026 originalem
693 3966 790 4021 textum
811 3957 862 4033 Ep.
879 3958 911 4026 ad
927 3958 1011 4022 seer.
1026 3959 1106 4022 nnn
1121 3964 1178 4024 ΙΙε-

148 4027 272 4098 braieum.
