2878 4758
734 295 913 400 (2²4)

295 484 382 555 iram
414 481 533 568 denno,
555 479 727 548 concitare
764 493 916 566 possent.
974 478 1145 548 'tribuis
1174 479 1221 548 in
1256 503 1300 548 ea
1325 505 1386 554 non

297 621 423 690 parum
441 595 547 689 pretii
573 593 697 662 ritibus
724 607 761 660 et
790 589 967 660 sacrifieiis
991 593 1030 662 in
1068 594 1228 686 templo
1259 595 1382 664 Hiero·

194 690 198 700 ¹
303 713 505 804 solymitano
521 709 640 800 peragi
656 705 785 790 eclisiae
811 705 914 775 docet
930 729 1036 792 vero,
1066 711 1210 776 omnia
1233 709 1303 778 ista
1323 711 1378 798 iic,

303 849 391 920 quae
410 824 448 890 in
467 822 632 918 religione
648 819 842 888 Christiana
861 819 960 888 nobis
972 821 1263 903 exhibeantur,
1286 827 1374 892 mul·

300 957 373 1006 tum
386 938 563 1028 superari,
586 934 787 1024 religionem
801 933 1033 1004 Christianam
1047 961 1138 1005 esse
1153 937 1265 1030 qusai
1280 961 1367 1006 com-

296 1053 509 1150 plementum
522 1049 693 1136 religionis
714 1047 907 1134 Moesicacj
931 1049 968 1116 in
993 1050 1105 1118 libris
1131 1053 1186 1124 V.
1208 1052 1258 1118 T.
1285 1076 1367 1142 pro-

301 1167 449 1262 pheticis
473 1163 589 1234 multis
615 1159 696 1230 ant'e
725 1161 865 1230 saeculis
895 1163 1138 1254 promissum,
1181 1179 1223 1234 et
1252 1187 1363 1233 noran

299 1280 550 1362 oeconomiam,
572 1275 683 1368 quoad
702 1293 875 1346 auctorem
897 1293 932 1343 et
954 1278 1158 1347 efficaciam
1183 1278 1227 1346 in
1252 1280 1361 1348 animis

297 1394 478 1461 hominum
492 1389 713 1462 emendandis
727 1408 761 1457 et
773 1389 988 1460 consolandis
1000 1407 1036 1457 et
1051 1389 1241 1476 salntem,
1264 1417 1356 1484 quam

298 1508 398 1576 nobis
418 1506 615 1598 impertiat,
648 1505 799 1576 Mosaios
826 1505 1022 1574 oeconomia
1050 1504 1171 1596 longa
1201 1508 1350 1600 superio·

293 1603 370 1692 rem
387 1645 470 1690 esse.

257 1751 262 1764 '
341 1738 504 1818 Caetera,
528 1756 614 1826 quas
636 1749 828 1828 suspectam
843 1733 1020 1804 Paulinam
1040 1737 1226 1824 epistolae
1249 1738 1339 1824 origi·

299 1874 379 1919 nem
392 1845 539 1916 reddero
557 1865 722 1940 possunt,
744 1847 869 1918 leviora
883 1867 985 1936 sunt,
1005 1867 1041 1918 et
1056 1851 1137 1938 jam
1156 1851 1267 1920 initio
1284 1851 1336 1916 hn-
1374 1866 1379 1909 :

295 1969 351 2054 ius
373 1963 454 2031 libri
476 1959 666 2048 dijudicata
688 1965 762 2050 (5).

336 2079 377 2146 B.
409 2077 464 2158 si,
488 2098 576 2167 quae
599 2073 644 2142 de
665 2075 796 2164 origine
818 2074 961 2144 Paulina
986 2078 1159 2170 epistolae
1186 2077 1319 2170 exposui}
1374 2118 1376 2171 l

293 2189 523 2274 admittimns3
548 2190 609 2256 Ine
624 2189 758 2256 clarior
776 2189 899 2256 multis
918 2190 1027 2272 locis,
1051 2218 1152 2282 qnae
1172 2191 1317 2263 anneot

293 2305 472 2402 ecaritate
492 2303 651 2392 quadam
669 2300 854 2387 laborant,
875 2303 1097 2393 affunditur.

335 2442 367 2490 ι.
402 2417 479 2484 Huc
498 2417 650 2506 pertinet
669 2417 767 2483 noua
793 2415 1037 2503 Hatr.x111‚
1061 2421 1125 2505 18,
1152 2443 1218 2515 ¹9²
1250 2432 1322 2504 titos·

292 2533 423 2620 εὔχεσθε
442 2531 510 2614 περὶ
529 2533 638 2614 ἡμῶν·
660 2534 953 2618 recollectum,
975 2532 1022 2603 ὅτι
1042 2537 1147 2616 καλὴν
1169 2535 1318 2610 συνείδησιν

287 2649 426 2732 ἔχομεν,
456 2648 585 2716 ἐσπᾶσι
605 2652 708 2718 καλῶς
731 2645 866 2722 θέλοντες
881 2648 1142 2733 ἀναστρέφεσθαι.
1191 2659 1315 2732 Heptate-

288 2763 383 2846 etate
403 2761 437 2828 δὲ
458 2764 631 2842 repexas&
654 2762 744 2826 σσῦσσ
764 2768 910 2842 retices,
942 2759 993 2831 ive
1015 2764 1129 2846 τάχιον
1156 2767 1230 2846 ὑμῖν
1246 2764 1315 2830 aino·

288 2873 486 2946 κσσσσσσθῶ.
530 2868 662 2936 Auctor
680 2870 911 2960 maximopere
928 2871 1198 2940 Palaestinenses
1220 2869 1310 2940 clri-

285 2988 410 3052 stianos
428 2981 649 3064 adhortatur,
672 2999 710 3048 nt
724 3003 843 3070 preces
861 3005 974 3070 prose
994 2983 1037 3051 ed
1057 2985 1168 3054 Deum
1179 2986 1311 3058 faciant,

284 3115 324 3160 ns
346 3095 443 3162 nitius
464 3116 482 3158 e
501 3091 644 3160 vinculis
662 3093 852 3178 liberetur,
875 3095 986 3186 iisque
1002 3100 1212 3166 restituatur.
1240 3091 1307 3164 Ad·

286 3207 340 3276 dit
361 3225 514 3286 causam,
537 3227 598 3269 cur
617 3205 685 3272 hoc
706 3204 818 3274 secero
841 3203 1008 3276 debeante
1047 3211 1238 3280 Immeritns
1250 3229 1307 3300 pt·

279 3397 480 3424 m
526 3377 532 3420 l

323 3528 380 3600 (5)
405 3523 479 3579 tnta
493 3522 538 3576 hia
555 3523 787 3580 denominationem
804 3523 867 3582 teau
886 3547 946 3585 voce
965 3531 1115 3595 ἀπόστολος
1130 3533 1190 3605 111,
1208 3553 1240 3598 a.
1261 3541 1303 3600 (μ’

285 3616 380 3669 Panlna
401 3613 429 3665 in
445 3607 563 3680 epistolis
577 3611 686 3664 caeteris
701 3627 752 3666 oon
767 3629 827 3668 nana
840 3627 889 3676 eat.
921 3618 971 3672 Sat
985 3621 1077 3690 quidni
1092 3623 1132 3676 ita
1147 3617 1302 3676 nantuato-

284 3719 341 3776 ωσι
366 3701 428 3748 κατ’
445 3697 556 3762 tingis,
572 3697 618 3766 qui
635 3697 756 3758 totiens
771 3700 963 3756 ἀποσταλέντα
977 3709 1052 3776 παρὰ
1066 3711 1116 3760 τσῦ
1132 3709 1231 3778 πατρὸς
1241 3703 1303 3757 dixe·

284 3789 348 3840 ras?
385 3781 455 3838 atili
475 3781 554 3843 etiam
576 3799 652 3838 senso
669 3783 759 3839 latiori
776 3789 921 3860 apostolus
938 3807 953 3844 a
969 3790 1050 3846 Panlo
1071 3806 1223 3865 usurpatur,
1246 3805 1298 3856 ot·

287 3865 401 3942 Philipp.
418 3867 464 3936 ll,
480 3871 523 3926 25·
