2940 4780
607 371 798 463 (tro)
1187 449 1223 520 θ

177 553 312 634 imitari
329 573 364 631 et
384 547 494 628 ita'ad
511 549 907 652 altiorem'perseotionis
928 557 1073 648 gadum
1090 581 1223 634 ascen-¹·-

178 677 267 746 dare
289 671 454 761 velimus3
479 689 611 741 certum
626 668 729 746 ctiam
745 668 916 756 judicium
934 669 979 740 de
996 698 1076 748 vero
1095 693 1132 746 et
1147 675 1221 746 salu

178 815 222 860 so
241 789 471 880 adipiscamur
497 805 636 850 neccsse
652 797 715 850 cst.
749 783 880 852 Seneca
897 784 997 874 epist.
1017 789 1079 875 95⁸
1102 790 1220 860 «Non

177 904 350 990 contingit
369 896 604 988 tranquillitas
621 895 743 963 mentis
762 918 805 963 ex
819 897 948 966 virtute
969 897 1136 984 oriunda,
1152 902 1220 972 nisi

174 1013 389 1086 immutabile
414 1025 614 1097 certumque
636 1006 806 1094 judicium
827 1009 984 1102 adoptisr
1009 1013 1134 1086 caetori
1148 1010 1221 1082 do*
1309 1023 1312 1030 ’

89 1148 93 1152 ·
175 1126 302 1203 cidunt
320 1123 470 1191 subinde
491 1140 526 1191 ot
549 1141 768 1213 reponuntur
791 1139 826 1190 et
846 1123 938 1192 inter
959 1125 1080 1191 omissa
1102 1138 1219 1213 appa-¹

177 1238 310 1326 titoque
351 1236 574 1303 fluctuantur.
630 1235 668 1303 Si
705 1235 755 1305 vis
792 1232 911 1302 eadem
945 1249 1081 1323 semper
1110 1231 1222 1322 velle,

172 1373 261 1418 uero
277 1362 415 1440 oportet
429 1345 550 1416 velis.”
577 1346 705 1439 Epist.
727 1347 789 1414 512
825 1373 844 1418 a
861 1344 1018 1414 Perfecta
1035 1345 1143 1416 virtus
1164 1362 1218 1422 est

178 1459 385 1552 aequalitas,
409 1475 445 1526 et
466 1477 563 1528 tenor
584 1461 674 1529 vitae
694 1481 759 1554 per
776 1459 889 1527 omnia
910 1458 977 1526 sibi
1002 1482 1222 1546 consonans,

177 1569 274 1663 quod
297 1591 368 1638 non
388 1585 503 1660 potest
520 1594 616 1656 esse,
649 1572 717 1640 nisi
743 1594 860 1642 rerum
879 1572 1022 1640 seientia
1039 1573 1217 1661 contingat

174 1701 212 1752 et
232 1707 308 1762 ars,
329 1707 394 1774 per
416 1683 657 1776 quamdirina
677 1700 714 1753 et
733 1686 884 1752 humana
903 1683 1128 1752 noscantur.’'

218 1794 276 1866 Ad
298 1819 350 1865 vs.
370 1817 391 1883 7
410 1811 445 1863 et
461 1819 527 1884 ιφ.
570 1799 711 1887 Quanta
728 1797 920 1865 reverentia
937 1797 1070 1866 Seneca
1088 1795 1209 1870 toluc-

174 1911 225 1976 rit
256 1909 439 2002 sapientiae
472 1905 651 1990 doctores,
680 1907 719 1974 id
737 1931 794 1976 ,οι
817 1907 934 1976 multis
964 1929 1109 1997 operum
1141 1910 1216 1995 ejus

172 2019 258 2088 locis
277 2035 384 2114 patet.
419 2019 538 2106 Epist.
559 2020 621 2089 642
656 2020 854 2110 a(Quibus
875 2020 1077 2110 sapientiam
1098 2019 1213 2088 debc-

173 2131 294 2221 mus),
315 2125 341 2196 ii
361 2127 574 2224 suspiciendi
592 2145 626 2196 ct
640 2131 712 2196 ritu
728 2136 877 2202 Deorum
898 2129 1045 2214 colendi.
1077 2129 1214 2220 Quidni

174 2268 236 2332 ego
268 2267 470 2329 magnorum
497 2242 652 2312 virorum
677 2261 712 2312 et
735 2245 897 2333 imagines
918 2242 1063 2311 habeam
1083 2243 1215 2312 incita-

172 2373 288 2426 menta
301 2355 454 2434 virtutis,
473 2372 508 2423 et
527 2356 654 2422 natales
674 2355 871 2428 celebrem?
898 2335 1033 2449 Quidni
1048 2354 1123 2424 illos
1142 2357 1213 2426 ho·-
1317 2361 1325 2378 '

172 2471 267 2543 noris
287 2472 397 2567 ¹carisa⁸
412 2488 547 2556 semper
567 2467 770 2562 ‘appellcmi
815 2471 928 2553 Quam
959 2470 1213 2540 venerationem

173 2581 469 2675 praeceptoribus·
483 2581 567 2648 mais
586 2580 725 2663 debeo,
745 2581 891 2649 eandem
912 2579 980 2648 illis
998 2599 1210 2676 praecepto·

173 2693 270 2764 ailtus
290 2694 421 2780 generis
440 2689 602 2775 humani,
623 2716 644 2755 a
660 2691 792 2780 ¹quibus
815 2691 904 2758 tanti
922 2691 1005 2759 boni
1021 2691 1118 2758 initia
1135 2692 1209 2760 ilu-

172 2822 306 2881 xerunt.
349 2802 387 2872 si
408 2781 581 2868 consulem
602 2801 723 2868 videro
746 2820 804 2870 aut
823 2819 1040 2890 praetorem,
1064 2805 1209 2890 omnia,

171 2920 297 3010 quibus
321 2917 433 2985 honor
451 2909 575 2978 haberi
597 2908 720 2978 honori
740 2913 846 2996 solet,
868 2912 1009 2998 faciam,
1033 2935 1122 3004 equo
1140 2917 1209 2982 dc·

171 3029 300 3113 sillam,
319 3043 422 3116 caput
439 3021 658 3116 adoperiam,
678 3025 797 3094 semita
817 3021 947 3096 cedam.
983 3027 1079 3120 Quid
1098 3036 1205 3122 ergo?

168 3143 326 3212 Marcum
339 3143 503 3219 Catonem
515 3154 720 3230 utrumque,
736 3153 771 3204 et
783 3135 934 3206 Laelium
946 3141 1152 3235 sapientem,
1170 3161 1207 3214 et

172 3253 346 3324 Socratem
367 3275 445 3320 cum
464 3250 627 3336 Platone,
647 3268 680 3320 et
692 3253 867 3322 Zenonem
878 3249 1148 3352 Cleanthemque
1165 3263 1205 3330 in
1225 3285 1228 3292 ’

169 3367 332 3434 animum
361 3388 474 3434 meum
509 3366 583 3434 sinc
613 3361 813 3452 dignatione
846 3385 977 3432 summa
1007 3369 1202 3460 recipiam?

169 3473 240 3564 Ego
267 3498 349 3546 vcro
373 3475 449 3544 illos
471 3498 615 3546 veneror
642 3490 677 3541 et
703 3475 807 3544 tantis
838 3477 1036 3546 nominibus
1063 3503 1199 3571 sempor

169 3587 342 3675 assurgo.''
384 3588 514 3660 Mirum
541 3587 661 3656 habuit
686 3587 831 3669 multos,
855 3589 949 3680 quod
973 3588 1010 3656 in
1031 3609 1131 3660 'versu
1155 3619 1199 3686 7,

169 3724 207 3787 17
227 3718 263 3767 et
283 3705 336 3772 si·
368 3703 537 3774 antistites
569 3716 683 3768 coetus
715 3691 903 3768 Christiani
939 3701 1109 3788 ἡγούμενοι
1130 3730 1197 3775 vo·
1262 3793 1266 3800 ,

101 3815 108 3832 “
168 3829 307 3896 centur,
328 3838 405 3884 cum
424 3837 592 3904 nusquam
613 3813 649 3878 in
673 3811 716 3876 N.
741 3811 785 3882 Τ.
813 3812 863 3877 sie
890 3815 1132 3906 appellentur,
1160 3836 1196 3888 et
1245 3857 1249 3864 x

126 3987 132 3993 .
164 3924 366 4024 incaeteris
395 3927 544 3996 Paulinis
571 3917 724 4016 epistolis
750 3925 950 4015 πρεσβύτεροι
974 3943 1008 3996 et
1031 3933 1191 4075 isitttpot

1136 4082 1156 4179 l.
