2878 4758
572 387 762 480 tata)

74 590 183 646 mun
207 573 260 654 63
286 575 439 666 scripta
461 578 523 659 sit,
546 577 723 668 sequitur.
748 596 820 640 eam
842 571 1192 659 relann064re165

84 686 292 774 scriptam
318 713 416 759 esse.
460 693 556 757 Inter
580 691 641 754 hos
673 688 758 756 duos
783 711 887 755 annos
909 686 1103 772 eligendum
1126 707 1192 777 est,

87 799 310 891 Equidem
340 803 504 894 praese'ro
521 827 648 868 annam
664 805 716 872 64.
760 807 845 873 Nam
864 805 889 868 si
911 801 1086 869 consilium
1108 806 1193 878 scri-¹

88 911 231 990 bendi
264 919 418 1004 auctori
447 918 539 998 suit,
561 934 598 983 ut
617 915 831 984 Christianos
862 915 1124 984 Palaestinenses
1148 919 1193 991 oh

93 1030 366 1104 vexationes,
394 1053 477 1123 quas
504 1032 635 1124 experti
657 1047 754 1097 erant
774 1030 835 1098 sub
860 1031 985 1116 Anano
1006 1030 1192 1118 pontifice,

97 1142 385 1226 consolaretur
404 1161 438 1211 et
458 1144 501 1211 ad
520 1146 742 1228 constantiam
765 1145 803 1210 in
818 1143 979 1230 religione
1001 1144 1196 1222 Christiane

99 1255 369 1354 ¹confitenda,
392 1275 659 1349 propterquam
684 1257 825 1336 adversa
853 1259 989 1347 quaevis
1017 1259 1199 1350 patieban-

109 1360 520 1459 aur‚‘adhortaresur3
554 1371 734 1444 verisimile
768 1385 839 1453 cst,
871 1396 948 1439 eum
979 1371 1095 1462 paullo
1120 1387 1198 1470 post

110 1485 212 1566 istas
244 1488 453 1554 vexationes
480 1487 526 1554 ad
555 1487 727 1551 Hebraeos
759 1484 873 1552 literas
901 1485 1139 1564 consolatorias
1164 1502 1200 1552 et

117 1599 403 1684 adhortatorias
430 1601 616 1688 scripsisse.
661 1599 698 1664 Si
723 1600 829 1665 serius
857 1599 921 1666 hoc
953 1600 1087 1667 fecisset
1108 1622 1202 1680 anno

117 1715 196 1802 65,
226 1736 382 1804 operam
405 1731 439 1788 et
459 1712 568 1782 oleum
592 1711 812 1804 perdidisset.
856 1711 945 1782 Istae
973 1714 1064 1780 enim
1091 1738 1200 1783 rexe-

126 1829 256 1908 tioues
284 1831 390 1896 breve
411 1842 543 1894 tantum
562 1843 695 1918 ternpus
721 1825 893 1894 durarunt
916 1845 951 1893 et
973 1825 1108 1894 ludaeis
1132 1853 1201 1916 au·

27 2015 31 2035 ⁵
131 1964 216 2031 sam
235 1943 436 2018 accusandi.
459 1940 552 2032 a'pud
578 1939 741 2008 Albinum
770 1939 884 2006 Anani
903 1941 1204 2029 lsuppeditarunt,
1236 1927 1239 1932 ¹

29 2113 34 2148 τι
134 2035 215 2142 cfr.
241 2056 385 2145 loseph.
410 2057 493 2149 Ant.
518 2053 610 2135 XX,
634 2055 667 2122 8.
692 2053 740 2136 C,
765 2056 860 2140 cujus
888 2054 1076 2120 minacibus
1095 2053 1204 2120 literis

28 2199 33 2262 ξ
139 2170 295 2260 territus
331 2171 502 2261 Agrippas
536 2168 659 2234 Anano
693 2167 939 2263 testificatum
970 2175 1038 2236 tres
1070 2184 1202 2237 tantum

30 2313 34 2376 '‚
143 2303 289 2372 menses
313 2283 494 2368 durantem
515 2284 703 2369 abrogavit.
932 2256 936 2274 ,

153 2373 155 2380 Ι
194 2399 230 2465 5.
253 2396 388 2464 Natales
405 2385 570 2484 ⁸epistolae
589 2413 726 2462 nostrae
754 2417 834 2481 ergo
864 2394 904 2460 ad
928 2419 1053 2462 annum
1076 2397 1118 2466 64
1139 2396 1202 2463 in·

150 2527 297 2590 euntem
322 2511 454 2593 refero,
481 2509 518 2599 in
544 2531 653 2598 eoque,
672 2508 781 2574 habeo
802 2511 1069 2577 consentientem
1097 2511 1204 2577 Usse-

153 2623 272 2714 rium,
304 2624 363 2712 qui
393 2645 483 2694 anno
515 2622 651 2702 decimo
676 2621 847 2706 Neronis,
879 2623 1014 2706 idest,
1050 2647 1141 2690 anno
1165 2625 1208 2695 64

157 2737 328 2823 originem
353 2733 516 2824 epistolae
541 2733 685 2827 tribuit,
712 2751 748 2819 et
770 2736 936 2820 Hugium‚
961 2738 1021 2828 qui
1051 2761 1124 2804 eam
1145 2761 1206 2804 se-

160 2850 279 2942 cundo
302 2849 507 2940 captivitatis
527 2847 622 2933 Pauli
638 2849 808 2942 Romanae
832 2875 923 2916 anno
942 2851 1079 2919 tribuit.
1126 2854 1203 2922 Cfr.

157 2966 337 3050 'Pritius
359 2965 445 3036 edit.
460 2963 573 3032 Hofm.
592 2988 627 3052 p.
644 2965 731 3062 2633
757 2964 848 3050 Hug
872 2967 1092 3054 Eialeitang
1104 2967 1147 3033 T.
1160 2969 1207 3051 ll,
1277 3041 1281 3050 ¹

156 3105 197 3173 p.
219 3081 296 3170 493.
341 3080 378 3150 Si
397 3103 563 3169 ponamus
586 3079 745 3174 nuntium
772 3077 815 3144 de
847 3081 1081 3146 vexationibus
1105 3079 1209 3148 Chri·

159 3175 349 3277 alienorum
374 3193 677 3288 Palaestinensiurn
706 3193 864 3279 celeriter
896 3194 1037 3260 Romam
1066 3193 1205 3262 allatum

159 3331 252 3394 csse,
265 3324 298 3375 ct
310 3303 484 3397 externplo
504 3326 676 3402 auctorem
694 3325 849 3396 nostrum
866 3307 909 3372 ad
928 3309 1096 3394 Hebraeos
1114 3310 1206 3374 scri·

155 3401 289 3512 prisea,
312 3445 380 3500 non
408 3422 551 3497 multum
574 3421 690 3520 differt
717 3447 789 3490 mea
811 3423 981 3490 sententia
1005 3423 1049 3490 de
1074 3425 1204 3509 origine

157 3554 297 3604 nostrae
319 3535 561 3626 epistolae‚ab
576 3538 639 3616 iis,
664 3539 723 3626 qui
746 3561 817 3604 eam
838 3535 881 3624 ad
907 3561 1036 3604 annum
1050 3541 1089 3606 65
1113 3537 1201 3625 (sci-

162 3647 243 3714 licet
266 3651 473 3738 exeuntem)
504 3640 685 3728 referunt.
702 3676 737 3717 e.
756 3675 787 3736 g.
812 3651 1056 3741 celeberrimus
1084 3653 1206 3736 Pear·

166 3763 315 3844 sonius
337 3767 372 3852 in
396 3765 606 3832 Annalibus
629 3765 810 3830 Petelinis.

206 3897 237 3942 c.
271 3878 313 3942 ln
341 3880 406 3946 hoc
438 3893 578 3967 tempus
607 3903 693 3946 vero
727 3879 862 3946 incidit
891 3881 1004 3947 etiam
1045 3895 1209 3970 tempus,

167 4011 232 4076 quo
261 3997 477 4060 consuetude
508 3993 686 4083 quaedam
716 3993 832 4060 Pauli
855 4007 893 4060 et
921 3997 1078 4062 Senecae
1109 4000 1209 4064 exti-

166 4104 252 4199 tisse
276 4105 424 4173 traditur
443 4124 478 4174 et
496 4108 642 4177 existere
665 4108 804 4209 potuit,
826 4127 951 4202 nempe
968 4126 1101 4198 tempus
1112 4155 1123 4196 ,
1142 4132 1211 4200 quo
