2940 4780
686 339 705 425 l
749 323 790 428 ιθ
834 331 853 423 ι’

112 611 114 620 ¹
249 483 314 594 alae
334 516 463 600 fnisse,
487 533 686 605 absentes,
705 517 947 605 jusjurandum
971 519 1136 612 quidem,
1166 531 1288 615 quand

245 655 321 707 tum
343 637 419 704 lieri
434 635 562 727 possit,
584 631 834 714 recusandum,
856 633 949 699 sed
938 636 1120 742 loramenti
1140 635 1283 722 religio-

247 769 330 819 n'em
344 750 552 817 sanctissime
571 745 772 814 servandam
794 766 878 813 esse.
911 747 1059 836 Epictet.
1075 727 1149 826 443'
1165 729 1283 820 alus-

248 841 435 954 jurandum
453 885 590 941 recusa,
614 875 780 948 quantum
800 859 875 924 lieri
895 877 1027 950 potest,
1045 862 1205 943 omnino,
1229 861 1285 930 sin

244 981 377 1058 minus,
402 982 567 1067 quantum
591 972 739 1064 potet.’'
775 971 914 1040 Seneca
937 973 1127 1060 Regulum,
1150 974 1213 1070 qui
1231 977 1286 1060 jn·

247 1085 435 1172 rejuraudo
454 1086 659 1176 interposito
676 1084 1013 1170 Carthaginiensibus
1034 1086 1185 1152 redituri
1202 1111 1285 1175 pro*
1406 1081 1408 1088 ’

247 1200 387 1269 miserat
410 1201 444 1268 et
471 1199 667 1294 pactionem
692 1197 855 1282 religione
874 1200 1038 1264 mucium
1053 1221 1132 1266 eum
1156 1198 1286 1269 damno

248 1315 336 1382 vitae
355 1317 567 1396 servaverat,
590 1313 727 1379 summis
749 1308 908 1376 laudibus
924 1310 1042 1389 effert,
1066 1313 1110 1379 de
1127 1313 1227 1382 Prot.
1240 1317 1283 1383 5.

248 1425 436 1502 «Fortuna
456 1425 623 1511 Regulum
645 1423 889 1493 documentum
908 1421 1014 1509 fidei,
1038 1424 1283 1498 documentum

247 1541 433 1631 patientiae
454 1539 585 1608 feeit”
645 1571 648 1587 ·
904 1603 906 1620 ,

262 1655 348 1724 -Aa
372 1680 422 1725 vs.-
447 1673 508 1744 ις,
533 1653 595 1720 ubi
621 1671 699 1744 spes
719 1653 758 1720 iu
780 1653 851 1721 Deo
872 1654 983 1745 posita·
1005 1651 1133 1720 dicitnr
1157 1611 1281 1738 lyrbae

250 1773 422 1857 lederna,
453 1783 573 1834 notare
602 1757 728 1846 liceat,
758 1765 925 1854 ejusmodi
953 1765 1160 1834 locutionem
1183 1765 1284 1835 etiam

252 1884 401 1951 Senecae
423 1881 460 1947 in
478 1903 542 1947 asu
559 1881 674 1950 fuisse.
717 1878 1098 1968 tetragrammatum
1122 1877 1282 1970 Crispum

248 1996 286 2062 lii
305 1995 421 2064 versos
441 1994 624 2080 legunturt

160 2110 163 2116 ’
287 2110 429 2197 Crispe,
452 2129 546 2174 meae
565 2107 676 2190 vires,
699 2105 932 2200 lassarumque
955 2125 1079 2178 encore
1097 2127 1237 2182 rerum

265 2253 269 2261 ·
328 2220 511 2308 Naufragio
529 2219 631 2306 litus,
655 2236 797 2314 tutaque
819 2238 910 2290 terra
930 2245 1018 2291 meos

592 2423 721 2543 Copae
736 2453 941 2542 septimum

281 2681 339 2754 Ad
357 2697 406 2754 ιι.
427 2684 457 2752 5.
498 2678 756 2750 Melchisedech
782 2691 926 2754 iocatur
950 2676 1100 2769 ἆιιιίιὼρ,
1130 2679 1277 2769 cleison

242 2797 281 2865 id
308 2814 380 2879 est,
413 2796 509 2882 cujus
534 2808 693 2884 pateret
720 2811 828 2864 mater
852 2813 888 2864 ct
909 2821 1013 2885 genus
1038 2795 1172 2866 aMose
1203 2811 1275 2864 non

237 2913 457 2995 recensetu'r',
480 2912 576 2996 eujus
596 2910 743 2997 origines
765 2913 901 2998 ignotae
921 2929 1013 2980 snut.
1054 2905 1207 2978 Similem
1225 2908 1276 2976 lo-·

238 3025 370 3116 quendi
393 3023 576 3095 formulam
605 3021 796 3120 reperimus
823 3027 861 3094 in
884 3023 1031 3102 Seneca,
1055 3023 1166 3110 Epist.
1189 3021 1271 3091 1082

239 3168 258 3208 ιι
276 3140 363 3204 Cum
377 3138 569 3230 philologus
588 3136 827 3206 adlectionem
849 3137 1025 3205 Ciceronis
1043 3134 1212 3203 librorum
1228 3129 1279 3203 de¹

116 3243 119 3248 ’
237 3251 429 3342 Republica
448 3250 605 3332 accedit,
628 3251 695 3318 bec
719 3250 899 3336 subnotat,
923 3252 1008 3320 duos
1032 3252 1200 3320 Romanos
1222 3273 1277 3318 rs·

184 3355 186 3358 ⁵
235 3387 292 3460 gers
319 3385 413 3447 esse,
444 3387 593 3458 quorum
625 3367 720 3432 alter
743 3375 894 3452 patrem
920 3390 990 3448 non
1016 3367 1143 3440 habet,
1180 3365 1276 3432 alter

238 3457 419 3574 matrem}
446 3473 534 3548 Nam
552 3476 597 3547 de
614 3475 726 3547 servii
745 3493 854 3544 matre
872 3474 1072 3548 dubitatura
1108 3471 1197 3549 Anci
1216 3501 1276 3567 pa*

236 3608 290 3660 ter
302 3589 436 3676 nullus,
459 3591 543 3681 (qui
563 3590 693 3659 scilieet
704 3591 812 3658 lamae
827 3591 970 3661 traditus
986 3595 1115 3681 extet).
1129 3595 1154 3626 ’⁹
1175 3593 1278 3660 llune

236 3704 350 3772 locum
372 3705 521 3772 Senecae
540 3705 621 3774 ideo
643 3699 790 3797 protuli,
817 3703 912 3797 qnod
933 3703 1081 3774 lautores
1105 3681 1278 3772 Pliilonia·

236 3817 300 3882 n'ae
313 3836 347 3884 et
365 3817 621 3887 Alexandrinae
636 3821 775 3908 originis
794 3836 930 3886 nostrae
944 3815 1105 3906 epistolae
1119 3818 1163 3884 ad
1179 3819 1275 3884 hunc

236 3952 373 4016 versum
390 3935 598 4008 mentionem
616 3936 749 4006 faciunt
762 3935 831 4002 loci
849 3929 1002 3998 Philonis
1019 3929 1063 3998 de
1082 3931 1275 4001 Temulen-

237 4045 283 4110 tia
296 4068 373 4138 pag.
393 4051 475 4134 248,
498 4050 559 4116 ubi
571 4051 679 4120 simile
695 4049 783 4140 quid
795 4046 919 4134 legitur
933 4070 943 4112 ι
968 4048 1109 4132 Alys'rm
1125 4051 1156 4120 δὲ
1169 4047 1274 4133 Σάββα
