2878 4758
695 367 961 456 (²36),

272 567 372 622 eatet-
417 550 540 617 lnennt
563 549 652 618 enim
676 549 719 616 iia
747 549 923 642 complura
947 545 1090 628 cimilia,
1117 571 1209 629 rea,
1234 547 1378 612 ima-

271 665 387 754 ginea,
421 663 624 732 dictionea.”
679 665 768 732 Mihi
806 665 946 758 quidem
985 659 1219 731 veriaimiline
1256 683 1375 727 aee

269 778 429 862 videtur,
461 773 617 844 libellum
645 777 689 844 de
718 779 935 848 Providentia
965 775 1072 844 aerina
1105 797 1190 843 eeae
1229 775 1371 840 aex-i-

266 907 382 982 ptnm,
409 907 483 983 poet
504 889 558 958 vel
580 905 659 958 ante
682 889 868 982 Epistulam
888 892 942 982 98.
986 888 1023 958 Si
1043 887 1145 955 enina
1175 889 1368 977 Episto-

264 1003 334 1072 lam
362 1003 452 1073 bane
482 1027 560 1074 oum
590 1003 682 1072 libro
715 1005 759 1074 dc
783 1003 1000 1074 Providentia
1036 1025 1357 1094 comparamus;

263 1135 393 1190 tantam
430 1115 543 1211 qnoad
572 1135 830 1206 argumentum,
869 1115 1043 1187 metendi
1080 1113 1364 1196 methodum,

260 1233 448 1322 imaginat,
470 1232 655 1302 aententiaa
680 1232 951 1302 convenientiam
980 1228 1322 1318 deprehendimus
1337 1279 1353 1312 ,
1410 1255 1412 1294 t

260 1363 300 1414 nt
321 1343 489 1417 credibile
513 1347 595 1430 liat,
616 1347 659 1414 ab
677 1345 742 1416 laec
768 1347 982 1434 potissimum
999 1341 1154 1434 epistola
1186 1367 1354 1413 recen-
1410 1301 1412 1438 l

261 1477 331 1530 tem
361 1458 527 1529 Senecam
550 1461 726 1562 acripaiaee
741 1460 869 1530 librom
886 1459 930 1526 de
948 1454 1196 1526 Providentia
1230 1457 1346 1526 cum

259 1597 344 1646 veto
362 1571 537 1662 Epiatolae
558 1573 707 1645 Senecae
726 1571 967 1661 chronologico
992 1569 1124 1638 ordine
1148 1595 1190 1640 ee
1216 1573 1342 1641 invi-

254 1709 336 1758 cem
359 1685 567 1774 exhibeant,
589 1688 750 1780 quoniam
769 1688 806 1755 in
825 1685 1072 1784 posterioribus
1100 1685 1150 1753 ad
1176 1689 1332 1778 priores
1385 1718 1402 1807 p

260 1815 487 1896 provocatore
512 1823 589 1869 euna
611 1823 717 1890 porro
732 1803 769 1870 in
791 1798 942 1892 Epiatola
964 1799 1005 1868 81
1029 1803 1173 1868 mentio
1195 1801 1319 1871 libro·
1391 1810 1401 1865 t

259 1937 339 1985 rom
364 1914 409 1982 de
433 1913 613 1984 Beneficiia
642 1915 733 1984 iacta
754 1915 822 2000 tite
858 1937 935 1983 eona
962 1911 1121 2003 deniqne
1153 1917 1240 1985 libri
1261 1920 1314 1987 de
1405 1946 1412 2010 ι

142 2039 147 2060 ’
258 2027 440 2096 beneficiis
479 2031 550 2115 jam
586 2029 790 2116 frigescente
832 2028 978 2096 Neronia
1012 2051 1095 2114 erga
1141 2029 1288 2099 Senecam
1410 2069 1412 2156 p

258 2142 388 2228 gratia,
409 2139 447 2207 id
471 2157 525 2210 eat
547 2157 616 2208 trea
638 2141 711 2206 sere
731 2163 838 2208 annot
866 2157 945 2208 ante
973 2157 1125 2210 mortem
1154 2145 1284 2214 Senecae
1411 2157 1412 2160 ’

260 2252 439 2342 eompoeiti
452 2254 542 2335 aint3
568 2250 648 2337 (esa-0
669 2249 888 2344 Rnbkopl'
902 2253 1013 2324 Praei.
1037 2257 1083 2322 Τ.
1094 2258 1164 2330 lV.
1187 2283 1223 2350 p.
1234 2263 1295 2347 ιι.)
1404 2193 1412 2347 l

257 2361 539 2436 verieimillimum
566 2380 640 2448 eat,
660 2359 788 2435 libmm
820 2366 865 2435 de
886 2367 1109 2440 Providentia
1144 2375 1303 2443 extremis
1410 2357 1411 2370 ἵ

257 2479 345 2550 vitae
366 2478 464 2546 annia
485 2477 529 2546 ab
550 2493 689 2547 anctore
712 2479 881 2572 acriptnm
901 2506 983 2551 eaae.
1400 2516 1411 2586 p

314 2589 372 2661 Ad
405 2592 518 2680 Caput
537 2593 583 2661 11.
624 2594 734 2663 Nauta
766 2593 850 2664 baec
875 2612 1016 2664 annotat
1045 2623 1082 2693 p.
1106 2607 1185 2674 252
1235 2635 1255 2676 0
1272 2606 1310 2674 Si
1395 2540 1406 2643 l

256 2706 348 2778 forte
372 2703 506 2774 libellua
532 2707 590 2775 bie
621 2709 659 2776 in
680 2729 799 2776 eornm
830 2732 949 2776 manna
976 2714 1136 2796 venerit,
1179 2720 1315 2810 quibus
1395 2676 1405 2813 l

256 2841 370 2890 aacrae
389 2833 523 2886 nostrae
546 2817 678 2889 litterae
702 2843 824 2912 parum
847 2825 998 2912 cognitae
1021 2824 1112 2908 aiot,
1137 2832 1190 2900 ob
1209 2857 1315 2903 eam·

259 2954 326 3027 qne
358 2953 491 3000 caueam
524 2933 622 3023 parvi
651 2934 895 3019 aestimentnre
926 2937 1216 3016 animadvertant
1250 2949 1316 3034 lai,

259 3059 424 3135 quantum
458 3043 495 3109 in
519 3067 639 3131 magna
670 3070 749 3144 cnap
777 3049 844 3115 hoo
873 3047 1022 3120 Senecae
1050 3050 1130 3121 loco
1165 3081 1317 3130 conve-

257 3155 409 3234 nienti&
431 3156 465 3224 vi
497 3171 608 3223 tamen
639 3172 674 3225 et
701 3161 864 3246 gravitate
896 3162 1081 3254 praecellat
1110 3166 1176 3240 ille
1207 3172 1321 3244 locut

256 3267 369 3358 Epist.
399 3266 442 3332 ad
474 3266 583 3334 Hebr.
601 3265 690 3353 ΧΠ,
711 3277 791 3342 5-
804 3275 884 3343 to·”

130 3369 134 3380 ’
309 3377 366 3448 Ad
402 3377 507 3447 verba
541 3377 690 3446 Senecae
724 3386 809 3478 Cap.
831 3389 885 3457 Va
930 3394 987 3460 Ae
1019 3391 1196 3483 iniquum
1229 3419 1320 3489 m,
1406 3449 1407 3452 ,

260 3495 387 3562 bonum
407 3492 529 3560 virum
551 3490 738 3560 debilitari
771 3513 841 3566 atat
870 3503 1007 3593 configi
1026 3522 1096 3576 cut
1128 3513 1317 3605 alligari.

259 3618 400 3672 annotat
429 3604 539 3668 Notata
574 3625 610 3690 p.
628 3605 691 3673 612
737 3609 935 3698 «configi,
962 3615 999 3681 in
1030 3639 1133 3688 cruce
1170 3627 1317 3716 cluis,

259 3733 298 3781 ut
325 3713 461 3802 Lipaiua
486 3711 656 3804 explicat,
678 3721 848 3808 probante
870 3725 1104 3818 Rnhlopfio·”
1161 3735 1241 3804 Sed
1273 3743 1316 3809 in
1404 3755 1406 3800 t

259 3829 477 3893 annotatione
509 3825 696 3915 prolixiore
729 3854 765 3918 p.
793 3856 846 3924 79.
884 3836 967 3902 baec
997 3838 1125 3911 habete
1163 3879 1185 3920 ς
1206 3855 1312 3922 cren

260 3937 304 4002 do
344 3935 506 4006 Senecam
536 3940 571 4007 in
606 3943 715 4010 tribue
751 3945 845 4014 hisce
880 3948 1015 4018 vocibus
1054 3951 1097 4020 de
1135 3965 1309 4048 proelio.
1405 3955 1406 3975 ¹
