2928 4754
674 367 841 456 (⁶⁰)

254 556 408 622 ‘Anotor
428 545 592 640 epistolae
618 569 724 640 snpra
744 571 794 620 ts.
817 570 837 618 a
866 548 1005 634 disens,
1035 573 1099 639 per
1124 555 1184 626 olla
1205 557 1272 626 lano

234 665 290 734 sel
319 665 479 734 Moesiam
510 659 678 730 mundum
705 662 830 735 laetum
858 685 956 748 esse,
987 660 1193 746 contendit,
1215 664 1276 760 *de

236 776 361 846 Moesis
381 774 473 843 idem
491 770 624 856 velare,
648 775 743 866 qnod
764 775 802 842 in
819 774 952 846 Psalmo
971 775 1033 842 011
1055 773 1100 843 de
1123 777 1196 844 Deo
1210 798 1272 843 ae·

238 903 338 957 terno
358 885 496 954 dicitnr.
540 887 610 960 Sed
636 912 718 958 oum·
737 884 843 954 multa
871 886 935 954 alia
958 887 1096 976 vestigia
1112 885 1277 976 dogmatis

239 997 283 1072 de
304 997 535 1068 destructione
562 1000 687 1069 mundi
711 996 897 1090 aliquando
917 999 1031 1066 lutura
1051 1000 1087 1066 in
1107 1001 1174 1068 hac
1197 1001 1276 1092 epi-

239 1109 325 1178 stola
342 1127 479 1190 extent,
510 1134 597 1201 quae
619 1138 682 1181 eno
707 1112 783 1180 loco
801 1113 1033 1200 notabuntur-3
1056 1134 1127 1180 non
1148 1127 1276 1182 temere

238 1225 416 1304 statuitur,
448 1241 619 1292 auctorem
642 1224 680 1290 iu
702 1223 839 1291 citando
856 1224 1070 1314 potissimum
1087 1221 1148 1290 illo
1168 1224 1276 1291 Dari·

238 1336 292 1408 dis
313 1336 390 1406 looo
416 1337 460 1412 sd
487 1335 581 1408 istud
609 1333 951 1424 dogmalrespexiase.
994 1334 1124 1404 Seneca
1142 1327 1188 1398 de
1209 1331 1277 1398 hoe

242 1449 398 1533 dogmate
421 1448 466 1530 ita
492 1446 650 1538 loquitur
669 1448 779 1539 Epist.
796 1472 859 1537 7¹²
897 1447 1028 1538 «Quid
1046 1449 1138 1518 enim
1161 1460 1277 1511 muta-

142 1581 145 1592 ·
243 1559 345 1642 uanis
362 1555 518 1646 periculo
545 1560 753 1648 exceptum?
785 1559 863 1628 Non
890 1575 1002 1642 terra,
1025 1583 1103 1638 non
1126 1555 1277 1642 coetum,

240 1693 312 1754 raon
335 1687 423 1738 totus
439 1669 497 1736 laio
511 1691 631 1738 rerum·
644 1669 795 1738 omnium
813 1685 1015 1749 contortus,
1035 1646 1189 1762 quemvis
1206 1675 1277 1742 Deo

242 1797 363 1867 agente
381 1779 549 1870 ducatum
580 1803 651 1848 non
672 1803 807 1872 semper
827 1783 960 1850 tenebit
981 1785 1076 1852 hune
1098 1787 1278 1856 ordinetur

242 1891 302 1960 sed
330 1892 433 1966 illum.
451 1917 493 1964 ex
514 1893 581 1962 lton
614 1915 715 1962 eursu
743 1891 866 1983 aliquis
892 1894 965 1965 dies
992 1896 1142 1986 dejiciet.
1188 1902 1278 1970 Cer-

240 2007 287 2097 tis
305 2023 401 2096 ,eunt
423 2019 549 2098 cunata
565 2002 799 2093 temporibus3
824 2003 1077 2091 suscitabant,
1100 2037 1277 2102 erescere,

239 2117 403 2206 extingui.
437 2117 682 2210 ,Quaecunque
710 2116 806 2188 vides
833 2138 937 2210 supra
967 2142 1029 2188 nos
1054 2145 1214 2210 ourrere,
1246 2110 1282 2200 et

241 2229 625 2322 liaeo,qoihus'1nnisi
649 2244 753 2318 atque
774 2227 926 2318 impositi
946 2252 1062 2300 sumus
1089 2234 1195 2304 veluti
1217 2261 1278 2304 so·

239 2338 432 2428 lidissimis
467 2357 652 2436 carpentus
669 2363 709 2412 ao
729 2339 899 2410 desinont·
941 2339 1037 2410 Nulli
1056 2371 1126 2434 non
1152 2373 1279 2422 senee-

238 2470 294 2539 tus
311 2453 418 2524 sna.'’

284 2566 483 2640 Notandum
512 2569 615 2668 etiam
637 2581 710 2652 est,
733 2587 853 2633 vocem
877 2562 1112 2652 ἀλλάττεσθαι.
1137 2575 1282 2670 quaein

243 2681 318 2752 loco
336 2682 458 2752 Psalmi
477 2683 652 2768 occurrit,
679 2675 909 2772 physiologiae
935 2677 1150 2752 Stoicorum
1150 2687 1279 2780 optime

243 2794 425 2865 convenire
448 2809 483 2860 et
505 2793 683 2893 propriam
703 2815 791 2876 esse,
815 2793 947 2889 quippe
969 2795 1029 2884 qui
1047 2812 1168 2863 eontra
1189 2797 1278 2892 Epi·

239 2931 359 3004 aureos
386 2927 502 3006 omnes
525 2929 578 2972 ses
605 2922 733 2974 creatas
757 2908 1039 2976 transmutatione
1067 2907 1164 2991 fieri,
1198 2935 1281 2995 ergo

240 3022 343 3092 etiem
379 3018 521 3092 interire
560 3014 831 3085 contendebant.
891 3015 966 3086 Cir.
1003 3018 1279 3088 Tiedemanu

240 3134 345 3200 Getas
371 3133 437 3198 der
462 3129 704 3218 speculativen
732 3111 986 3216 Philosophie,
1016 3127 1062 3196 T.
1079 3132 1124 3199 ll.
1148 3156 1184 3223 p·
1201 3133 1279 3202 443.

243 3243 365 3310 Obiter
386 3241 443 3308 hio
465 3255 585 3307 notare
609 3237 735 3318 velim,
756 3238 851 3306 huno
867 3237 981 3308 locum
999 3235 1124 3310 Psalmi
1146 3244 1190 3310 ab
1212 3271 1277 3310 au·

245 3372 338 3421 otore
368 3353 509 3418 citatum
538 3372 608 3417 non
635 3349 724 3416 bene
748 3357 929 3422 convenire
959 3355 1115 3447 opinioni
1141 3379 1278 3437 eorum,

228 3471 312 3566 aqui,
338 3493 417 3540 oum
451 3461 671 3530 Philonianae
704 3459 892 3553 theologiae
924 3465 1099 3536 alumnum
1127 3467 1280 3552 faciunt,

236 3605 323 3647 ‘enm
353 3579 454 3648 Philo
490 3576 619 3644 librum
648 3573 857 3664 peculiarem
894 3577 938 3646 de
972 3574 1133 3670 ἀφθαρσίᾳ
1160 3577 1282 3657 mundi

244 3694 442 3788 scripserit,
463 3693 501 3758 in
527 3711 597 3782 quo
624 3677 813 3760 destructio
832 3689 955 3760 mnndi
976 3691 1057 3762 olim
1077 3693 1192 3760 lutura
1214 3715 1282 3760 ne-

233 3822 354 3900 3gstut'·
747 3810 757 3829 ⁵
