2878 4758
723 365 904 460 (¹⁸⁶)

296 573 415 642 ρτοιιῑ,Υ
432 565 470 620 ut
483 547 650 640 Iosephus
668 547 711 616 de
732 549 823 622 hello
839 549 921 618 Jud.
933 563 1068 636 narrat,
1085 565 1139 620 nt
1160 548 1273 616 rl'tus
1296 561 1377 620 tem.

295 674 349 762 pli
376 663 671 757 Hierosolymitaui
701 663 758 741 vix
789 689 828 733 ac
860 689 904 734 us
931 667 988 734 vix
1019 663 1187 756 quidem
1218 661 1373 752 legitime

296 781 415 875 peragi
430 796 589 874 possent,
607 775 700 870 quod
717 803 798 854 soro
815 779 958 869 epistola
971 781 1014 848 ad
1033 781 1243 848 Hebraeos
1264 783 1365 868 ponit.

327 901 372 970 ’5.
396 897 534 985 Scripta
552 917 660 984 porro
675 911 727 960 est
744 895 885 985 epistola
905 913 1021 962 nostra
1035 909 1136 985 poet
1157 901 1367 966 annuntii

298 1039 338 1102 p.
363 1009 448 1079 Chr.
472 1033 530 1094 n.,
553 1009 713 1103 quonium
741 1009 931 1100 persecutio
961 1009 1267 1078 Christianorum
1299 1011 1359 1076 Pa·

295 1126 550 1192 laestincnsium
574 1141 653 1218 post
672 1143 815 1193 mortem
831 1121 942 1208 Festi„
966 1139 1169 1212 praecunte
1194 1121 1358 1211 pontifics

298 1241 424 1307 Auaoo
446 1235 670 1324 sadducaeo,
703 1237 747 1305 ad
780 1261 883 1329 quum
910 1235 1017 1318 llehr.
1038 1235 1138 1320 xil,
1168 1239 1214 1318 3,
1240 1235 1263 1304 4
1285 1259 1353 1326 sqq.

299 1355 407 1434 ΧΙΠ,
430 1353 471 1432 4,
494 1353 702 1440 respicitur,
726 1373 817 1420 auno
843 1368 987 1418 excunte
1009 1355 1072 1434 65,
1095 1351 1203 1416 lacta
1227 1367 1281 1417 est
1297 1351 1346 1439 (8).

343 1469 445 1536 Festo
475 1467 636 1533 successit
668 1463 814 1533 Albinus
843 1481 988 1534 exeunte
1031 1489 1128 1534 anuo
1169 1467 1233 1536 63.
1290 1465 1347 1532 Sed

301 1584 504 1671 priusquam
514 1601 622 1648 novus
638 1579 823 1668 imperator
839 1579 875 1658 in
887 1578 1110 1647 Palaestinam
1133 1579 1258 1658 venit,
1273 1595 1341 1646 teste

302 1693 454 1786 losepho
476 1693 650 1784 Antiquit.
664 1691 750 1773 XX,
768 1695 809 1774 8,
831 1717 868 1780 p.
878 1693 964 1783 698,
980 1695 1019 1764 B.
1064 1695 1223 1764 Annuus
1244 1693 1342 1758 Ponti·

302 1809 358 1877 scr
379 1831 526 1874 summus
551 1809 748 1876 convocavit
778 1805 976 1898 synedrium
1000 1811 1053 1879 sul
1075 1810 1296 1894 προσαγαγὼν
1310 1811 1337 1883 εἰς

304 1929 381 1996 οὐτὸ
401 1927 454 1994 τὸν
479 1927 617 2010 ἀδελφὸν
642 1927 738 2003 Ἰησοῦ
760 1931 811 1992 τοῦ
830 1925 1000 2020 λεγομένου
1021 1931 1176 2010 Χριστοῦ,
1204 1923 1334 2006 Ἰάκωβος

303 2042 400 2122 ὄνομα
421 2043 525 2124 αὐτῷ,
539 2039 594 2106 κοί
611 2061 696 2111 τινος
716 2039 851 2122 ἑτέρους,
873 2043 912 2116 tlt
931 2041 1333 2124 παρουομυσοὶυτυνμοτυ·

306 2155 411 2236 sapias
442 2151 645 2231 ποιησάμενος
672 2153 827 2232 septenus
857 2153 1134 2236 λευσθησομένους,
1172 2151 1266 2244 quod
1289 2149 1305 2216 s
1317 2187 1329 2200 ·

307 2281 399 2328 ctum
430 2283 511 2326 vero
538 2259 695 2326 omuibus
721 2262 758 2327 in
785 2261 918 2328 civitate
934 2263 1034 2333 bonis
1052 2263 1246 2356 displicuit.
1275 2262 1333 2328 Pla.

306 2377 408 2466 rique
434 2373 699 2468 historiographi
731 2375 860 2474 collatis
880 2377 1020 2468 losephi
1042 2397 1076 2444 et
1100 2380 1268 2450 Actorum
1284 2397 1326 2450 te·

306 2487 472 2557 stimoniis
495 2501 672 2570 statuunt,
693 2513 784 2555 anno
811 2509 954 2558 exeunte
987 2495 1028 2565 63
1051 2493 1220 2568 Albinum
1245 2493 1325 2561 Festo
1359 2478 1366 2567 l

309 2603 517 2670 successisse.
565 2602 639 2670 cfr.
673 2602 837 2675 Beckl.
868 2603 892 2672 l.
930 2609 973 2672 T.
985 2607 1044 2692 11,
1074 2632 1108 2696 p.
1129 2611 1221 2688 3863
1256 2607 1325 2674 Gu·
1362 2592 1367 2665 ¹.

308 2716 436 2784 thrie
458 2733 493 2782 ct
514 2715 548 2782 G
562 2740 606 2782 ra
616 2741 639 2806 y
660 2701 885 2806 Allgemeine
902 2719 959 2787 W
956 2723 1235 2808 elegantiam,
1250 2723 1287 2788 T.
1298 2719 1324 2798 l,

306 2854 347 2924 p.
364 2832 469 2912 11863
494 2829 717 2898 Schrader
738 2833 981 2922 dcr'Apoatel
1000 2837 1162 2918 Paulus,
1185 2835 1323 2920 T.1,p·

308 2945 362 3013 50.
406 2943 480 3010 lam
502 2944 529 3009 si
551 2967 741 3032 ponamus,
763 2966 935 3014 auctorem
956 2965 1108 3018 nostrum
1131 2950 1166 3013 iu
1194 2941 1323 3039 Epistola

310 3055 354 3120 ad
391 3057 562 3122 Hebraeos
599 3058 641 3122 ad
669 3060 862 3125 vexationes
885 3057 1156 3126 Christianorum
1179 3055 1318 3128 Palaesti·
1364 3091 1366 3138 r

311 3171 468 3238 meusium
490 3171 698 3256 respexisse,
720 3170 861 3260 epistola
878 3195 949 3244 nou
968 3188 1046 3240 ante
1065 3198 1192 3246 anuum
1212 3177 1319 3242 ineun-

312 3299 380 3352 tem
404 3284 444 3348 64
464 3281 568 3346 scribi
585 3282 710 3372 potuit.

355 3397 388 3465 4.
412 3395 498 3460 Cum
525 3383 605 3478 ergo
629 3392 771 3481 epistole
799 3411 883 3464 oute
910 3383 1094 3488 annum69
1115 3415 1245 3489 etpost
1268 3421 1319 3468 un·

318 3573 513 3592 m

351 3675 410 3746 (Β)
434 3672 466 3726 lu
488 3674 530 3738 x,
548 3675 670 3736 δι’-54.
695 3676 835 3746 asprum
857 3680 892 3734 ud
915 3685 1138 3752 μηοωιὶοωι,
1164 3701 1232 3756 qum
1250 3687 1314 3736 sustu

315 3759 521 3814 (hristianorum
531 3761 730 3817 Palaestiueutis
747 3764 871 3846 jansson
889 3767 983 3820 multos
999 3787 1077 3824 annos
1094 3783 1207 3840 expertus
1218 3779 1264 3824 erat
1273 3769 1316 3833 post

315 3845 473 3913 Stephanum
491 3847 674 3920 interemtum,
692 3851 749 3907 het.
759 3851 836 3920 Vlll,
857 3863 889 3920 13*
903 3851 996 3906 deinde
1010 3855 1079 3920 justu
1094 3859 1200 3913 Herodis
1215 3848 1311 3911 letllls

318 3951 345 3985 ι.
377 3932 408 3984 lu
423 3934 493 3996 ΧΠ,
512 3937 542 3988 5.
559 3937 593 4004 4,
611 3953 656 3991 uss
671 3955 724 3993 rou
740 3937 820 4002 x111,
840 3957 854 4010 7
876 3941 1064 4008 suspiciosas
1084 3945 1264 4012 peraestuans
1282 3952 1314 3987 rt·

318 4035 378 4070 cens
394 4018 506 4091 luctam,
522 4040 586 4092 quae
608 4034 671 4078 teste
686 4023 799 4094 losepho
814 4024 908 4089 accidit
923 4030 950 4080 in
966 4030 1119 4098 pontificatu
1133 4033 1211 4094 troi
1223 4021 1310 4090 wli·
