2940 4780
742 279 913 368 (¹⁶²)

310 485 409 540 tenue
430 465 556 545 deinde
575 465 594 543 ἢ
612 462 765 550 reputa
786 467 841 534 eoo
862 465 1005 550 viperee
1026 461 1079 536 eel
1098 464 1116 535 l
1132 462 1226 550 um
1250 465 1372 552 dieo-⁶

307 586 463 670 iamim
475 575 642 661 eiluerit,
664 591 704 644 ut
716 577 790 671 ipre
809 575 936 648 letetur
956 575 1127 668 epottolut
1148 580 1273 648 ullor·
1289 583 1363 668 X,

305 722 362 770 ιο.
415 693 491 764 Cir.
510 693 717 782 interpretea
741 688 787 758 ud
815 690 910 762 hune
932 691 1045 762 lotum
1066 707 1103 762 et
1125 693 1362 784 potittitunnr

302 808 574 882 Moehemiue
608 803 821 892 Erkttmg
844 807 908 876 dea
935 821 1093 897 etoeyten
1120 807 1270 895 th'efea
1295 833 1360 880 an

305 925 368 993 die
389 919 618 1003 Corinthio,
640 914 839 986 Kleuher
859 919 925 989 hl.
949 920 993 988 Τ.
1004 921 1070 990 111.
1086 919 1131 988 ah
1144 920 1358 1012 irridebo).

305 1068 311 1076 ·
347 1037 424 1108 istie
446 1033 550 1122 igitur
568 1030 763 1108 illecebris.
796 1053 883 1124 quue
903 1031 1034 1104 uuimoe
1054 1034 1250 1111 auditorum
1270 1061 1355 1126 po-

301 1152 470 1222 tissimum
490 1144 703 1238 permulcere
727 1143 860 1231 uolent,
890 1145 1014 1216 Puulua
1042 1147 1225 1216 duetitutue
1245 1147 1351 1239 suit,

302 1267 388 1336 hino
413 1285 485 1330 uon
506 1258 637 1349 plaouit
657 1258 863 1345 Corinthiie,
888 1261 973 1332 hine
993 1263 1067 1331 aliie
1087 1285 1118 1330 e.
1133 1285 1165 1348 g.
1187 1263 1352 1355 epoho-

300 1381 364 1452 nio
381 1373 596 1469 posthabitus
615 1389 686 1452 ert,
717 1395 923 1468 quemquam
944 1389 1181 1462 argumentum
1205 1378 1348 1446 oratio·

297 1509 388 1564 num
406 1489 450 1558 uh
472 1485 625 1579 apostolo
644 1485 841 1556 huhiterum
858 1485 913 1558 vel
928 1487 1136 1578 eeripturum
1157 1487 1207 1558 ita
1229 1513 1341 1560 oom-

300 1621 461 1701 perutum
477 1617 584 1681 oteet,
605 1617 645 1670 nt
661 1601 802 1671 dicendi
821 1599 869 1671 vit
886 1615 922 1669 et
940 1599 1125 1670 dexteritae
1141 1603 1239 1673 nullo
1254 1625 1342 1676 uro-

300 1723 349 1790 do
370 1715 638 1789 derideret-etur.
681 1713 879 1804 Longinut‘,
901 1715 930 1782 ei
950 1737 1036 1807 quae
1055 1717 1225 1786 orationes
1240 1721 1341 1791 Pauli

298 1833 407 1919 vidit,
430 1835 600 1926 aeriptua,
622 1854 710 1924 quae
729 1853 826 1899 nune
844 1827 1044 1919 deperditae
1061 1845 1163 1916 eunt,
1180 1832 1281 1916 vidit,
1300 1853 1338 1904 et

297 1953 345 2021 ob
367 1949 506 2021 illarum
533 1961 790 2030 argumentum,
814 1943 871 2013 vel
898 1943 1000 2012 etium
1025 1946 1260 2038 tautummodo
1287 1951 1335 2019 oh

296 2077 536 2158 argumentum
559 2056 782 2148 epistolarum
805 2053 1049 2142 Pauhmmm,
1082 2079 1163 2128 eum
1193 2062 1334 2155 optim’n

297 2179 463 2251 Grueeiee
484 2173 674 2244 oratoribus
696 2171 943 2239 annumeravit.

296 2315 300 2324 ’
343 2295 523 2362 Caeterum
541 2285 655 2355 adhue
668 2282 903 2353 annotandum
919 2297 992 2364 eet,
1014 2285 1119 2354 verha
1130 2288 1248 2358 ultima
1258 2291 1331 2360 hu·

295 2411 353 2499 jue
365 2399 547 2492 lregmenti
559 2398 604 2468 de
622 2398 729 2468 Paulo
749 2399 912 2466 Tereenei
934 2423 952 2466 a
973 2399 1132 2468 Fabricio
1149 2420 1186 2471 et
1204 2405 1331 2474 Ruhn-

295 2520 418 2598 lenio,
448 2514 504 2586 eui
532 2513 634 2584 etium
665 2510 921 2582 Thulemannue
949 2513 988 2580 in
1014 2513 1257 2587 Diaoertatioue
1284 2517 1333 2587 de

288 2635 402 2706 Paulo
419 2655 491 2700 non
521 2629 675 2711 Graece,
703 2625 765 2694 eod
789 2623 930 2694 Iudaioe
950 2627 1054 2697 dotto
1075 2628 1325 2721 adstipulatur,

287 2774 362 2846 -pro
387 2745 513 2837 opuriie
538 2759 574 2812 et
597 2767 617 2809 u
639 2741 837 2809 Christiano
866 2737 1017 2830 quodam
1043 2739 1170 2810 additis
1194 2745 1325 2816 heberi.

294 2863 402 2956 Quod
423 2863 480 2931 viu
501 2855 596 2926 oredi
617 2871 753 2946 puteat,
784 2876 863 2922 oum
881 2855 947 2922 iate
972 2856 1076 2926 verba
1095 2860 1245 2929 enimum
1260 2859 1329 2942 ed·-⁴

292 3069 484 3090 Ἀ

328 3199 342 3272 (
352 3196 402 3267 ro)
418 3196 529 3252 omniuo
545 3195 594 3252 hoe
610 3195 666 3252 loru
684 3197 829 3254 notandum
844 3207 901 3267 eet,
918 3213 977 3252 euu
986 3197 1050 3256 ulte
1059 3193 1175 3272 theoloqi
1189 3200 1331 3259 eruditioni

290 3299 319 3346 et
334 3283 497 3358 eloquentiae
515 3281 588 3336 Pauli
599 3283 708 3338 nimium
722 3283 882 3354 tribuerent,
898 3302 1008 3357 eumque
1021 3285 1184 3357 polyhistore
1202 3289 1326 3355 iacerent,

182 3444 186 3454 ,
290 3376 449 3432 recentiores
473 3369 605 3437 theologos
627 3369 686 3423 iude
709 3387 724 3424 a
748 3369 919 3428 Thalenauui
944 3373 1105 3446 tenporihua
1127 3375 1155 3430 iu
1174 3377 1327 3431 eontrarium

291 3459 449 3518 eeutemiaur
472 3457 588 3527 delaptot
608 3454 675 3523 irato
701 3457 787 3512 niune
805 3457 946 3514 eruditioni
969 3471 997 3515 et
1018 3460 1182 3534 eloquentiae
1206 3459 1324 3518 Paulinae

292 3547 456 3606 eonceatitee.
490 3543 522 3599 lu
537 3541 653 3613 Epittola
668 3543 701 3598 ad
717 3544 844 3601 Romuuot
858 3558 886 3601 et
899 3546 982 3618 priori
998 3547 1032 3601 td
1046 3547 1196 3604 Corinthios
1216 3562 1268 3606 tan
1284 3549 1329 3604 lu-

292 3633 395 3690 tulenta
412 3633 529 3688 Graecae
547 3642 574 3685 et
585 3623 764 3702 philosophiae
781 3645 808 3688 et
823 3633 985 3705 eloquentiae
1004 3635 1115 3705 teetiqiu
1134 3647 1236 3716 extant,
1252 3649 1279 3692 ut
1295 3637 1324 3692 de

291 3721 438 3778 eruditione
452 3719 527 3773 Pauli
544 3717 645 3778 Grueea
667 3718 753 3789 eliqua
770 3739 849 3796 euque
868 3737 919 3774 uun
935 3721 1033 3790 vulgari
1049 3723 1091 3776 vir
1110 3721 1225 3778 duhitrri
1239 3724 1323 3794 possit.

291 3807 369 3874 Quod
390 3808 485 3864 attinet
499 3805 533 3859 ud
551 3805 605 3876 ejue
622 3803 815 3876 eloquentiam,
833 3807 1050 3878 Chryeottomne,
1067 3805 1174 3866 idoneus
1193 3811 1267 3881 hujut
1285 3813 1323 3866 rel

290 3895 407 3968 arbiter,
430 3893 515 3964 magui
531 3891 594 3948 iacit
611 3881 783 3964 eloquentium
799 3885 956 3962 Paulinam,
967 3900 994 3947 et
1007 3912 1036 3948 ex
1051 3897 1108 3956 het.
1122 3895 1198 3968 xlv,
1212 3915 1243 3954 ιι
1260 3909 1323 3952 reete

289 3973 406 4056 colligit,
422 3976 472 4040 non
490 3979 585 4051 ahoque‘
600 3995 677 4035 crure
691 3981 820 4052 qurouee
836 3977 912 4033 Fuulo
929 3995 1021 4036 nomeu
1038 3976 1163 4041 Mercurii
1177 3985 1285 4043 dedisse.
