2928 4754
739 387 897 475 (701

292 585 367 636 ,τοι
407 571 462 645 rie
509 567 583 654 πρὸς
622 570 786 656 Ἕβοιοθοιιο
827 570 1058 660 ἀντιγράφοις,
1097 571 1205 661 χθοιοι
1250 573 1335 642 θεοῦ·

309 677 497 768 Utramque
525 679 707 750 lectionem
740 683 844 750 habet
879 687 980 752 etiam
1022 687 1071 753 Τ.
1096 685 1159 754 lll.
1187 685 1223 752 iu
1250 685 1332 752 lob.

308 813 346 878 p·
366 794 450 876 562,
481 793 542 860 ubi
568 793 662 862 hunc
686 794 801 863 locum
827 797 875 864 ita
902 797 1041 885 allegata
1072 802 1153 881 irat
1182 797 1335 888 χθοιοιῦ

297 905 403 990 ,χωρὶς
428 909 494 978 θεοῦ
524 911 599 994 ὑπὲρ
631 911 748 990 esurie
778 912 931 993 γιθοοοοοοι
959 917 1103 988 lavarer-
1153 915 1241 982 Cum
1270 936 1336 980 er·

308 1039 351 1101 go
383 1020 548 1105 Origenes
573 1021 736 1108 fluctuet,
761 1041 873 1092 utram
898 1025 1080 1096 lectionem
1105 1027 1227 1114 eligats
1262 1049 1334 1117 pa-

296 1147 381 1218 tet,
410 1131 592 1203 lectionem
617 1138 714 1224 χιιοὶς
743 1141 810 1211 θεοῦ
836 1159 909 1207 etse
937 1141 1218 1234 antiquissimam.
1257 1139 1334 1208 lm·

310 1265 369 1313 mo
399 1270 443 1316 ex
476 1250 593 1337 priore
625 1251 784 1338 Origenis
820 1251 898 1322 loco
926 1253 1012 1322 haec
1037 1255 1141 1324 lectio
1177 1255 1334 1322 usitatior

310 1382 413 1451 quam
438 1360 546 1429 altera
576 1361 679 1432 luisse
710 1363 862 1436 ridetur.
916 1369 1115 1438 Lectionem
1143 1373 1238 1458 χωρὶς
1265 1373 1334 1443 θεοῦ

312 1477 468 1565 sequitur
498 1475 700 1546 Ambrosius
734 1477 773 1548 in
801 1478 902 1548 libris
927 1481 971 1551 ds
995 1481 1081 1551 Fide
1103 1485 1183 1556 Lib.
1201 1485 1254 1570 11,
1286 1486 1334 1571 4,

310 1587 552 1659 Theodoretus
581 1590 619 1660 in
643 1593 755 1682 Epist.
777 1593 823 1662 ad
842 1596 951 1666 Hebr.
974 1613 1010 1668 et
1032 1597 1102 1668 alii.
1144 1597 1334 1689 Perpetem

310 1705 539 1774 Oecumenius
561 1721 597 1774 et
626 1705 907 1799 Theophylactns
937 1710 976 1780 in
1007 1713 1264 1784 Commentariis
1292 1715 1336 1785 iu

259 1845 264 1854 ⁴
308 1816 422 1906 Epist.
439 1816 482 1886 ad
502 1817 673 1887 Hebraeos
694 1836 842 1912 petant,
855 1825 1014 1896 Nestorio
1034 1829 1178 1920 ejusque
1198 1826 1333 1898 asseclis

309 1929 402 2000 hanc
421 1930 604 2002 lectionem
624 1932 752 2002 debere
775 1938 964 2028 originem,
985 1963 1110 2035 eosque
1138 1945 1245 2034 χάριτι
1267 1948 1335 2018 θεοῦ

309 2042 349 2112 in
382 2045 478 2130 χωρὶς
507 2047 574 2116 θοοῦ
600 2062 744 2116 mutasse
777 2051 883 2120 etita
907 2053 945 2124 S.
974 2055 1012 2126 S·
1040 2056 1268 2145 adulterasse,
1291 2070 1333 2126 ut

310 2158 518 2247 probarent,
548 2155 635 2225 duos
666 2182 739 2229 este
770 2163 948 2254 Christos,
975 2192 1084 2240 unum
1114 2172 1333 2266 passibilem,

312 2269 457 2341 alterum
479 2268 552 2363 pati
569 2272 744 2362 nescium,
766 2273 869 2348 lectio
885 2282 978 2352 enim
998 2285 1062 2354 ista
1088 2288 1263 2379 antiquior
1284 2299 1338 2358 est

312 2383 479 2456 Nestorio.
503 2382 647 2453 Codices
666 2387 806 2477 quidem
824 2407 860 2461 et
869 2393 1049 2467 versiones
1064 2400 1249 2492 pleraeque
1265 2399 1338 2468 ad-

309 2501 488 2569 versantur
506 2494 648 2566 lectioni
671 2505 872 2594 χορὶοθεοῦ,
892 2510 956 2578 sed
979 2513 1160 2582 auctoritas
1178 2514 1339 2603 Origeuie

309 2627 461 2701 praestat
487 2611 646 2680 omnibus
686 2615 885 2702 codicibus,
915 2627 975 2715 qni
1001 2627 1151 2718 Origene
1184 2630 1337 2718 juniores

308 2741 402 2796 sunt.
446 2725 521 2794 Cir·
542 2727 752 2816 Bengelii
784 2733 943 2808 Gnomon
963 2740 1009 2809 ad
1030 2743 1065 2810 h.
1086 2741 1113 2812 l.

353 2841 463 2910 Porro
475 2839 578 2910 lectio
593 2846 690 2934 χωρὶς
705 2850 772 2920 θεοῦ
784 2865 836 2918 est
849 2851 1050 2942 difficilior,
1061 2875 1096 2926 et
1108 2857 1188 2930 ideo
1204 2876 1336 2931 secun-i

314 2953 399 3024 dum
414 2954 544 3042 regulas
570 2957 704 3026 aritiens
725 2962 963 3050 praeferenda.
1002 2967 1213 3064 interpretes
1240 2977 1337 3047 anti·

173 3151 175 3158 s
310 3069 461 3158 quiores!
469 3069 597 3154 nescii,
618 3074 790 3162 quomodo
811 3079 935 3149 verbra
957 3087 1053 3172 χωρὶς
1069 3091 1135 3161 θεοῦ
1154 3093 1228 3181 ὑπὲρ
1248 3121 1337 3168 ras·

313 3186 366 3260 rit
388 3184 541 3264 lyricam
565 3187 697 3258 θοιθοοο
719 3189 1053 3284 interpretarentur,
1075 3201 1258 3276 lectionem
1277 3208 1338 3276 fa·

312 3293 465 3364 cilionem
480 3298 589 3382 χθριοι
610 3302 677 3370 θεοῦ
695 3302 942 3389 praetulerunt.
971 3313 1087 3405 Atque
1105 3319 1260 3414 proiecto
1280 3319 1339 3389 le·

312 3409 381 3482 ctio
399 3411 496 3496 χωρὶς
529 3411 596 3479 θοοῦ
619 3409 798 3482 intellectu
827 3418 999 3494 difficilior
1020 3445 1091 3517 est,
1126 3433 1219 3527 qnod
1241 3451 1339 3525 patet

314 3545 357 3588 ex
380 3543 501 3608 magna
525 3520 720 3593 diversitate
736 3527 1076 3628 interpretationum,
1096 3569 1181 3636 quos
1199 3553 1339 3641 patroni

309 3636 406 3703 istiu's
428 3654 692 3728 proposuerunt.
737 3657 740 3664 ·

356 3747 490 3818 Deinde
507 3749 666 3839 facilius
695 3759 792 3844 χωρὶς
821 3761 859 3830 in
883 3769 1012 3853 χάριτι,
1044 3793 1147 3861 quam
1167 3778 1276 3863 χθριοι
1302 3776 1341 3844 ἰιι

311 3865 409 3947 χωρὶς
448 3860 667 3935 librariorum
699 3871 879 3962 sedulitas,
910 3879 1064 3972 planiora
1085 3890 1197 3957 omnia
1228 3913 1340 3980 qnae·

311 3995 412 4062 reus,
442 3980 599 4051 mutavit.
642 3983 714 4055 Nec
742 4011 814 4056 non
833 3995 1022 4067 notandum
1046 4017 1114 4086 est,
1138 4005 1342 4090 particulam
