2878 4758
549 303 733 396 (wal

48 571 51 576 ¹
101 493 267 582 docent,
289 491 351 558 sed
366 488 525 582 nuspiam
542 489 582 559 in
601 486 785 558 itineribus
802 491 1156 588 apostolicisltonam'
1196 489 1199 500 ’

103 609 265 694 tetigisse
290 605 510 696 perhibetur.

151 732 187 790 4.
210 722 375 804 Petrus,
398 716 442 786 ad
466 737 569 810 quem
590 717 750 786 nonnulli
774 719 952 811 epistolam
971 721 1157 810 referunt,

101 833 137 902 si
159 833 267 900 fuerit
282 833 427 916 Romae,
452 848 544 899 certe
565 845 636 902 tum
658 809 822 923 temporis
838 857 910 901 non
928 834 996 903 suit
1011 838 1155 925 Romae,

104 971 193 1016 cum
222 946 421 1039 secundum
446 970 555 1016 meam
591 947 797 1017 sententiam
830 972 936 1042 sopra
969 954 1158 1044 expositam

104 1061 257 1150 epistola
281 1059 325 1126 ad
349 1060 523 1154 Hebraeos
543 1063 765 1132 scriberetur·
811 1064 902 1132 Acta
929 1063 1039 1148 enim,
1069 1089 1159 1156 quae

59 1221 60 1224 =
106 1176 293 1242 historiam
318 1172 422 1242 Pauli
438 1199 546 1270 usque
576 1176 621 1245 ad
652 1178 762 1245 finem
788 1177 923 1246 biennii
953 1177 1159 1270 captivitatis

104 1291 185 1376 ejus
200 1287 377 1375 referunt,
395 1289 490 1358 Petri
509 1293 637 1360 Romae
659 1291 849 1380 praesentis
869 1311 1039 1381 nusquam
1054 1315 1157 1359 men-

107 1402 244 1470 tionem
265 1401 414 1487 faciunt,
438 1404 533 1495 quod
557 1403 717 1496 profecto
734 1405 915 1489 fecissent,
933 1404 963 1472 si
979 1405 1157 1474 adfuisset.

107 1518 235 1608 Neque
265 1517 412 1603 Petrus,
444 1521 576 1610 quippe
598 1520 749 1612 piscator
776 1516 971 1603 Galilaeus,
1000 1520 1029 1586 is
1056 1535 1161 1606 erat,

109 1631 363 1724 quem-Seneca
381 1629 419 1698 in
445 1631 709 1702 familiaritatem
727 1631 919 1702 adsciscere
936 1649 1065 1722 posset.
1108 1709 1113 1716 ¹

154 1749 189 1816 5.
213 1748 385 1822 Meroua,
411 1747 636 1814 consobrinus
660 1748 859 1831 Barnabae,
881 1745 978 1814 Pauli
1002 1764 1038 1816 et
1060 1748 1157 1816 Petri

111 1880 225 1929 comes
248 1861 314 1928 fuit
341 1859 483 1950 quidem
508 1861 755 1934 Romae.inter
780 1859 1012 1952 captivitatem
1037 1863 1157 1930 Pauli·

108 1999 211 2054 nam,
246 1975 310 2042 cfr.
333 1973 493 2054 CollV,
518 1996 579 2054 11,
602 1973 824 2042 Philamat.
865 1962 946 2042 Non
965 1991 1159 2061 tamen,ut
1242 2014 1245 2020 ,

108 2087 254 2173 Paulus,
270 2087 422 2179 captivus
442 2087 481 2150 in
500 2086 674 2174 praetorio
693 2087 936 2172 detinebatur,
954 2087 1016 2156 ubi
1029 2088 1103 2179 illi,
1120 2103 1161 2157 nt

110 2202 241 2285 Paulo,
262 2198 503 2289 opportunitas
527 2197 694 2267 Senecam
709 2197 857 2268 videndi
873 2215 909 2267 et
930 2200 1161 2288 cognoscendi

111 2313 187 2382 dari
200 2327 327 2406 posset·
346 2313 468 2400 Neque
487 2311 709 2398 Evangelium
725 2313 799 2400 ejus
814 2313 904 2400 sapit
920 2313 1028 2381 Stoici
1047 2313 1159 2406 quid·

116 2429 220 2514 dam,
242 2447 359 2516 neque
379 2447 458 2490 eum
478 2439 653 2494 auctorem
673 2425 801 2510 refert,
822 2423 884 2516 qui
903 2443 1057 2496 nostram
1075 2428 1161 2524 epis

114 2541 233 2608 stolam
256 2538 406 2604 scribere
425 2538 604 2624 potuisset.
1033 2527 1035 2534 ⁴

155 2639 189 2726 6'.
214 2652 312 2721 Idem
333 2651 377 2718 de
397 2649 578 2720 Clemente
596 2653 782 2732 Romano,
794 2672 898 2746 quem
914 2647 1014 2724 multi
1034 2671 1160 2722 aucto·

117 2763 348 2841 remnostrae
377 2762 538 2858 epistolae
565 2764 750 2845 lecerunt,
780 2765 896 2833 dicere
921 2767 1017 2834 licet.
1061 2765 1158 2836 Vixit

117 2881 255 2976 quidem
274 2882 402 2950 Romae
425 2897 460 2948 et
482 2879 579 2948 Pauli
601 2881 728 2971 captivi
746 2881 874 2949 amicus
894 2879 959 2947 fait
979 2880 1070 2953 Phil.
1084 2875 1157 2964 lV,
1248 2879 1250 2884 ’

117 3003 149 3069 5.
170 2977 172 2984 ¹
191 2994 261 3064 Sed
286 3020 401 3086 neque
429 2996 458 3062 is
483 2995 581 3080 fuit,
601 3017 705 3086 quem
735 2997 866 3064 Seneca
896 2996 1105 3082 suspiceret,
1128 2992 1161 3062 si
1184 2999 1194 3010 “

115 3111 165 3180 vel
183 3128 388 3194 statuamus,
409 3111 506 3178 illum
530 3109 663 3200 saepius
691 3109 866 3198 captivum
888 3109 1079 3196 apostolum
1097 3110 1156 3174 vi-

5 3215 7 3222 *
117 3223 345 3320 sercsolitum
364 3247 460 3308 esse,
484 3247 600 3316 neque
619 3223 765 3314 epistola
789 3224 864 3310 ejus
889 3218 933 3288 ad
957 3215 1159 3290 Corinthios

116 3340 244 3428 ingenii
260 3352 295 3406 et
316 3337 532 3430 eloquentiae
549 3339 690 3428 insignis
710 3335 805 3407 testis
827 3352 901 3414 est.
925 3360 1039 3426 neque
1057 3335 1159 3414 stoi-⁴

119 3455 148 3522 ci
168 3439 253 3549 quid
273 3452 440 3521 continet.
485 3453 739 3537 Conseruntur,
764 3475 850 3542 quae
878 3451 918 3518 in
947 3451 1059 3541 capite
1083 3475 1153 3517 an-

121 3567 289 3637 tecedenti
310 3567 354 3636 de
373 3567 553 3637 Clemente
575 3563 668 3634 diota
691 3581 781 3634 sunt.

160 3683 474 3752 commemorantur
491 3683 530 3749 in
549 3675 710 3775 Epistolis
723 3673 875 3747 Paulinis
893 3675 1051 3748 nonnulli
1068 3681 1153 3750 vin·

122 3793 269 3862 culorum
293 3799 401 3881 socii,
424 3821 454 3865 e.
467 3821 498 3882 g·
522 3795 792 3877 Aristarchus,
816 3793 889 3860 Col.
906 3796 976 3872 lv.
999 3819 1061 3881 103
1092 3799 1163 3863 E·-t

115 3910 275 3998 poplraa
286 3955 297 3990 ‚
308 3911 472 3980 fundator
488 3910 648 3979 ecclesiae
667 3905 893 3985 Colossensis.
916 3907 1150 3994 Col.lV,1a3

123 4023 175 4091 cst.
198 4022 342 4092 Philem.
365 4029 424 4097 252
457 4026 517 4093 sed
540 4024 694 4094 homines
721 4023 859 4090 luerunt
887 4022 1018 4110 ignoti,
1049 4011 1152 4111 magio

850 4141 891 4200 tt
