2878 4758
563 370 740 464 (189)

30 561 35 599 ⁸
182 556 276 651 Ergo
298 567 428 640 ann'us,
453 563 521 647 qt‘ro
546 555 667 622 Paulus
689 557 830 622 Romam
858 559 969 639 teuit,
991 547 1057 624 luit
1081 561 1177 627 oetaa'

29 680 33 716 ¹
128 692 204 748 vus
227 699 334 742 annus
357 694 497 738 currens
514 671 686 764 Neronis.¹
713 670 790 734 Jam
809 669 836 732 si
855 671 1006 760 quinque
1022 673 1177 764 reliquos

27 789 30 816 '
129 807 250 858 annos
279 805 314 855 et
335 793 562 854 oeto'menses
588 785 689 853 totius
711 785 872 880 temporis
900 786 1037 875 imperil
1058 787 1179 854 Neam

27 903 30 942 ⁵
125 903 239 970 miani
255 900 484 969 subtrahimus
501 922 520 962 a
540 914 712 988 tempore,
737 913 805 986 quo
823 916 976 965 mortuus
994 911 1044 964 est
1063 903 1180 982 Nero,¹

27 1018 30 1054 s
131 1038 272 1103 nempe
298 1039 317 1078 a
339 1011 395 1077 die
422 1012 656 1081 nomomensis
680 1012 773 1079 Junii
800 1011 864 1096 683
895 1011 1057 1078 habemus
1087 1012 1182 1082 diem*

134 1147 280 1196 nouum
305 1127 464 1193 Octobris
489 1121 570 1192 anni
594 1129 647 1193 62.
690 1125 812 1191 Paulus
832 1125 936 1210 igitur
955 1147 1045 1190 anno
1064 1129 1118 1194 62.
1141 1152 1179 1215 p·

139 1240 236 1306 Chr.
257 1255 311 1322 tn,
334 1263 424 1304 anno
443 1255 600 1306 currente
616 1255 734 1306 octavo
744 1234 927 1306 Neroniani
938 1239 1093 1332 imperii,
1118 1242 1179 1328 qui

140 1371 198 1420 est
225 1352 309 1418 iude
331 1379 349 1418 a
374 1353 430 1420 die
450 1357 488 1423 13
510 1353 632 1420 mensis
656 1351 818 1418 octobris
839 1352 920 1417 anui
943 1353 982 1420 6ι
1005 1371 1112 1441 usque
1139 1351 1183 1420 ad

29 1479 33 1493 '
79 1537 82 1546 ,
143 1471 187 1536 15
204 1468 349 1548 Octobr.
371 1468 410 1532 62
435 1466 523 1555 (9),
552 1483 586 1532 et
608 1463 746 1554 quidem
759 1475 872 1552 ,verno
889 1479 1061 1552 tempore,
1085 1483 1120 1533 ut
1142 1492 1183 1533 ex

143 1579 248 1646 Attis
283 1588 400 1664 patet,
432 1575 573 1643 Romam
606 1569 757 1664 captivus
791 1575 904 1661 venit,
934 1591 968 1644 et
1005 1577 1185 1646 biennium

150 1688 354 1779 captivitatis
372 1688 446 1771 ejus
466 1689 655 1764 Romanae,
678 1685 774 1772 eujus
797 1691 834 1755 in
857 1691 953 1757 Actis
976 1692 1103 1756 mentio
1121 1689 1183 1766 fit,

151 1799 292 1865 duravit
318 1797 402 1864 iude
432 1825 451 1865 a
481 1820 561 1866 vere
580 1801 662 1866 anni
683 1804 721 1868 62
748 1825 856 1892 usqne
877 1803 920 1867 ad
941 1816 1001 1868 ver
1028 1801 1110 1887 anui
1134 1803 1192 1867 64.

152 1912 350 1993 Caeterum,
369 1935 453 1976 'num
466 1927 590 1977 aestate
611 1912 762 1992 anni64,
780 1939 847 2000 qua
860 1915 953 1981 Nero
969 1913 1110 1977 Romam
1124 1911 1189 1974 in-

154 2020 307 2088 cendisse
323 2021 493 2103 traditur,
516 2021 638 2088 Paulus
655 2021 770 2088 adhue
791 2023 917 2090 Romae
936 2020 1056 2094 fuerit,
1074 2035 1108 2085 et
1127 2043 1186 2085 ea·

153 2149 256 2201 eunte
286 2157 375 2222 anno
397 2137 439 2202 64
461 2134 513 2202 vel
541 2135 683 2200 ineunte
706 2156 797 2199 anno
822 2137 865 2203 65
888 2136 925 2199 in
949 2134 1186 2226 perseeutione

157 2235 428 2316 Christianorum
457 2269 474 2310 a
502 2246 659 2327 Nerone,
693 2245 753 2334 qul
778 2243 932 2311 incendii
954 2245 1118 2313 iuvidiam
1148 2249 1188 2312 iu

157 2359 367 2426 Christianos
402 2355 630 2438 devolvebat,
660 2336 825 2444 imperata
864 2357 956 2424 diem
990 2373 1187 2445 supremum

158 2474 300 2553 obierit,
324 2491 366 2536 an
384 2469 546 2536 liberatus
566 2467 768 2551 avinculis,
790 2470 877 2535 sicut
899 2491 918 2534 a
939 2469 1052 2535 multis
1072 2470 1187 2537 tradi-

162 2594 237 2660 tur,
258 2581 414 2646 ecelesias
444 2611 463 2648 a
493 2608 528 2650 se
561 2579 717 2652 conditas
743 2576 884 2659 adierit,
905 2580 970 2648 hoe
995 2605 1117 2668 parum
1142 2583 1188 2648 ad

163 2719 268 2763 meam
296 2715 369 2758 rem
394 2691 537 2760 confert.
581 2691 685 2778 Quod
702 2712 784 2758 vero
803 2690 867 2756 hae
889 2690 1019 2761 ratione
1039 2696 1194 2784 eaptivi··

161 2808 236 2871 tatis
272 2800 452 2884 Paulinae,
485 2825 571 2892 quae
592 2800 658 2868 snit
679 2803 824 2880 Romae,
856 2817 989 2887 tempus
1016 2802 1058 2870 ad
1085 2830 1192 2872 annos

163 2919 221 3000 62,
245 2920 307 2994 65,
332 2917 374 2984 64
398 2914 528 2995 refers,
550 2915 587 2979 iu
606 2937 646 2980 eo
667 2913 779 2979 habeo
805 2911 1022 2978 assentientes
1044 2931 1078 2981 et
1096 2933 1192 2983 ante·

164 3045 307 3092 sessores
329 3025 471 3107 multos,
496 3050 524 3091 e.
544 3051 575 3110 g.
600 3026 849 3109 Eichlroru,
873 3023 1109 3113 Einleitung,
1133 3028 1190 3113 lt,

165 3140 215 3206 51.
259 3137 324 3204 Hie
344 3162 434 3203 anno
455 3143 496 3208 60
525 3137 664 3204 Paulum
687 3139 868 3204 Caesareae
889 3136 928 3203 iu
945 3137 1083 3208 ‚vincula
1101 3123 1190 3206 eou-

162 3251 287 3334 jeetnm
308 3273 378 3315 esse
397 3267 581 3336 computat.
618 3251 705 3314 Hine
724 3251 900 3338 sequitur,
919 3251 1081 3340 quoniam
1098 3251 1200 3343 Pau-v

163 3359 211 3426 lus
240 3383 303 3448 per
335 3360 421 3426 duos
455 3385 560 3425 annos
591 3363 774 3428 Caesareae
801 3364 952 3450 captivus
977 3367 1126 3445 mansit,
1157 3382 1192 3431 et

165 3497 229 3540 non
248 3475 351 3540 breve
375 3493 507 3562 tempus
523 3475 560 3538 iu
579 3473 701 3540 itinero
720 3475 854 3544 marino
875 3474 1080 3557 consumsit,
1104 3495 1194 3560 apo-⁴

177 3674 383 3698 ΰΙ-ιι-ι-ιι-ι

198 3807 252 3881 (9)
270 3811 336 3866 Naro
358 3815 429 3868 enim
450 3813 588 3884 imperium
607 3815 744 3885 capessivit
762 3814 804 3868 die
822 3817 854 3870 13
870 3816 988 3872 Octobris
999 3820 1041 3874 54.
1060 3817 1193 3876 Sueten.
1303 3881 1304 3886 Ἰ

171 3893 265 3948 Claud·
279 3892 328 3966 45,
346 3891 453 3957 Tacit.
463 3891 512 3956 xit
519 3937 527 3964 ‚
544 3920 599 3972 cap.
611 3891 694 3962 ultim.
730 3905 817 3960 Annus
830 3917 931 3960 octavus
950 3894 1058 3961 Neronis
1076 3919 1151 3977 ergo,
1168 3909 1211 3961 iu.

168 3993 213 4051 quo
229 3981 327 4036 Seneca
344 3995 402 4055 post
415 3989 515 4044 Burrhi
531 4003 640 4044 mortem
659 4009 744 4045 coram
763 3984 870 4048 Caesare
882 3976 958 4048 verba
978 3995 1039 4047 lecit
1054 3995 1201 4062 missionem
1246 4033 1249 4040 -

169 4080 272 4142 patens,
289 4082 329 4128 est
342 4077 525 4146 computandus
540 4095 556 4132 a
573 4070 616 4134 tte
637 4077 929 4154 moeroremque
947 4071 979 4135 aal
998 4085 1030 4138 15
1045 4079 1104 4144 Oet.
1115 4075 1158 4142 62.
