<?xml version="1.0" encoding="UTF-8"?>
<!DOCTYPE html PUBLIC "-//W3C//DTD XHTML 1.0 Transitional//EN"
    "http://www.w3.org/TR/xhtml1/DTD/xhtml1-transitional.dtd">
<html xmlns="http://www.w3.org/1999/xhtml" xml:lang="en" lang="en">
 <head>
  <title>
</title>
<meta http-equiv="Content-Type" content="text/html;charset=utf-8" />
  <meta name='ocr-system' content='tesseract 3.04.00' />
  <meta name='ocr-capabilities' content='ocr_page ocr_carea ocr_par ocr_line ocrx_word'/>
</head>
<body>
  <div class='ocr_page' id='page_1' title='image "./vindiciaeorigin02gelpgoog_0197.png"; bbox 0 0 2878 4758; ppageno 0'>
   <div class='ocr_carea' id='block_1_1' title="bbox 707 343 891 434">
    <p class='ocr_par' dir='ltr' id='par_1_1' title="bbox 707 343 891 434">
     <span class='ocr_line' id='line_1_1' title="bbox 707 343 891 434; baseline -0.011 0"><span class='ocrx_word' id='word_1_1' title='bbox 707 343 891 434; x_wconf 77' lang='lat'><strong>(18⁸)</strong></span> 
     </span>
    </p>
   </div>
   <div class='ocr_carea' id='block_1_2' title="bbox 181 526 1398 4050">
    <p class='ocr_par' dir='ltr' id='par_1_2' title="bbox 282 526 1373 1390">
     <span class='ocr_line' id='line_1_2' title="bbox 288 526 1373 620; baseline -0.002 -24"><span class='ocrx_word' id='word_1_2' title='bbox 288 526 411 604; x_wconf 83' lang='lat' dir='ltr'><strong>Paulus</strong></span> <span class='ocrx_word' id='word_1_3' title='bbox 434 532 560 600; x_wconf 88' lang='lat' dir='ltr'><strong>Romae</strong></span> <span class='ocrx_word' id='word_1_4' title='bbox 579 529 732 620; x_wconf 83' lang='lat' dir='ltr'><strong>captivos</strong></span> <span class='ocrx_word' id='word_1_5' title='bbox 751 527 825 598; x_wconf 83' lang='lat' dir='ltr'><strong>snit.</strong></span> <span class='ocrx_word' id='word_1_6' title='bbox 869 527 973 596; x_wconf 81' lang='lat' dir='ltr'><strong>Varie</strong></span> <span class='ocrx_word' id='word_1_7' title='bbox 992 551 1012 594; x_wconf 86' lang='lat' dir='ltr'><strong>e</strong></span> <span class='ocrx_word' id='word_1_8' title='bbox 1028 529 1128 598; x_wconf 78' lang='lat' dir='ltr'><strong>variis</strong></span> <span class='ocrx_word' id='word_1_9' title='bbox 1146 533 1245 600; x_wconf 83' lang='lat' dir='ltr'><strong>anni</strong></span> <span class='ocrx_word' id='word_1_10' title='bbox 1276 533 1373 600; x_wconf 79' lang='lat' dir='ltr'><strong>lm.</strong></span> 
     </span>
     <span class='ocr_line' id='line_1_3' title="bbox 287 627 1370 736; baseline 0.004 -28"><span class='ocrx_word' id='word_1_11' title='bbox 287 647 343 730; x_wconf 88' lang='lat' dir='ltr'><strong>jus</strong></span> <span class='ocrx_word' id='word_1_12' title='bbox 359 627 562 736; x_wconf 82' lang='lat' dir='ltr'><strong>captivitatis</strong></span> <span class='ocrx_word' id='word_1_13' title='bbox 578 645 843 718; x_wconf 73' lang='lat' dir='ltr'><strong>constituuntur,</strong></span> <span class='ocrx_word' id='word_1_14' title='bbox 887 640 1052 712; x_wconf 84' lang='lat' dir='ltr'><strong>Nonnulli</strong></span> <span class='ocrx_word' id='word_1_15' title='bbox 1072 644 1134 712; x_wconf 87' lang='lat' dir='ltr'><strong>hos</strong></span> <span class='ocrx_word' id='word_1_16' title='bbox 1153 667 1285 715; x_wconf 74' lang='lat' dir='ltr'><strong>annos</strong></span> <span class='ocrx_word' id='word_1_17' title='bbox 1311 649 1370 714; x_wconf 77' lang='lat' dir='ltr'><strong>nd</strong></span> 
     </span>
     <span class='ocr_line' id='line_1_4' title="bbox 286 755 1367 850; baseline 0.003 -24"><span class='ocrx_word' id='word_1_18' title='bbox 286 759 329 826; x_wconf 80' lang='lat'><strong>58</strong></span> <span class='ocrx_word' id='word_1_19' title='bbox 351 773 386 823; x_wconf 87' lang='lat' dir='ltr'><strong>et</strong></span> <span class='ocrx_word' id='word_1_20' title='bbox 406 763 447 848; x_wconf 86' lang='lat'><strong>59</strong></span> <span class='ocrx_word' id='word_1_21' title='bbox 469 782 505 848; x_wconf 84' lang='lat' dir='ltr'><strong>p.</strong></span> <span class='ocrx_word' id='word_1_22' title='bbox 530 757 614 824; x_wconf 86' lang='lat' dir='ltr'><strong>Chr.</strong></span> <span class='ocrx_word' id='word_1_23' title='bbox 645 783 680 834; x_wconf 86' lang='lat' dir='ltr'><strong>u.</strong></span> <span class='ocrx_word' id='word_1_24' title='bbox 704 755 757 824; x_wconf 84' lang='lat' dir='ltr'><strong>vel</strong></span> <span class='ocrx_word' id='word_1_25' title='bbox 785 757 827 829; x_wconf 87' lang='lat' dir='ltr'><strong>ad</strong></span> <span class='ocrx_word' id='word_1_26' title='bbox 857 759 1011 846; x_wconf 81' lang='lat' dir='ltr'><strong>proxime</strong></span> <span class='ocrx_word' id='word_1_27' title='bbox 1038 777 1252 850; x_wconf 84' lang='lat' dir='ltr'><strong>sequentes,</strong></span> <span class='ocrx_word' id='word_1_28' title='bbox 1300 761 1367 829; x_wconf 79' lang='lat' dir='ltr'><strong>vel</strong></span> 
     </span>
     <span class='ocr_line' id='line_1_5' title="bbox 286 868 1362 958; baseline 0.004 -22"><span class='ocrx_word' id='word_1_29' title='bbox 286 868 330 936; x_wconf 88' lang='lat' dir='ltr'><strong>ad</strong></span> <span class='ocrx_word' id='word_1_30' title='bbox 356 870 435 936; x_wconf 86' lang='lat' dir='ltr'><strong>elios</strong></span> <span class='ocrx_word' id='word_1_31' title='bbox 459 871 628 942; x_wconf 81' lang='lat' dir='ltr'><strong>referunt.</strong></span> <span class='ocrx_word' id='word_1_32' title='bbox 672 875 826 958; x_wconf 81' lang='lat' dir='ltr'><strong>Longum</strong></span> <span class='ocrx_word' id='word_1_33' title='bbox 847 891 956 956; x_wconf 84' lang='lat' dir='ltr'><strong>esset,</strong></span> <span class='ocrx_word' id='word_1_34' title='bbox 978 895 1177 941; x_wconf 88' lang='lat' dir='ltr'><strong>enumerare</strong></span> <span class='ocrx_word' id='word_1_35' title='bbox 1207 873 1253 940; x_wconf 92' lang='lat' dir='ltr'><strong>di</strong></span> <span class='ocrx_word' id='word_1_36' title='bbox 1263 897 1362 940; x_wconf 81' lang='lat' dir='ltr'><strong>rer-</strong></span> 
     </span>
     <span class='ocr_line' id='line_1_6' title="bbox 284 983 1358 1060; baseline 0.004 -10"><span class='ocrx_word' id='word_1_37' title='bbox 284 1007 336 1050; x_wconf 87' lang='lat' dir='ltr'><strong>ses</strong></span> <span class='ocrx_word' id='word_1_38' title='bbox 367 983 545 1060; x_wconf 89' lang='lat' dir='ltr'><strong>doctorum</strong></span> <span class='ocrx_word' id='word_1_39' title='bbox 567 988 717 1060; x_wconf 84' lang='lat' dir='ltr'><strong>virorum</strong></span> <span class='ocrx_word' id='word_1_40' title='bbox 748 983 813 1052; x_wconf 89' lang='lat' dir='ltr'><strong>hac</strong></span> <span class='ocrx_word' id='word_1_41' title='bbox 844 985 887 1052; x_wconf 89' lang='lat' dir='ltr'><strong>dc</strong></span> <span class='ocrx_word' id='word_1_42' title='bbox 919 1009 957 1052; x_wconf 91' lang='lat' dir='ltr'><strong>re</strong></span> <span class='ocrx_word' id='word_1_43' title='bbox 985 988 1177 1056; x_wconf 86' lang='lat' dir='ltr'><strong>sententias.</strong></span> <span class='ocrx_word' id='word_1_44' title='bbox 1200 1013 1206 1022; x_wconf 84' lang='lat'><strong>·</strong></span> <span class='ocrx_word' id='word_1_45' title='bbox 1229 987 1358 1054; x_wconf 77' lang='lat' dir='ltr'><strong>Peri-</strong></span> 
     </span>
     <span class='ocr_line' id='line_1_7' title="bbox 284 1096 1355 1182; baseline 0.002 -20"><span class='ocrx_word' id='word_1_46' title='bbox 284 1096 398 1164; x_wconf 89' lang='lat' dir='ltr'><strong>culum</strong></span> <span class='ocrx_word' id='word_1_47' title='bbox 426 1098 568 1182; x_wconf 82' lang='lat' dir='ltr'><strong>sariam,</strong></span> <span class='ocrx_word' id='word_1_48' title='bbox 594 1097 638 1165; x_wconf 87' lang='lat' dir='ltr'><strong>ad</strong></span> <span class='ocrx_word' id='word_1_49' title='bbox 666 1101 822 1166; x_wconf 79' lang='lat' dir='ltr'><strong>amussim</strong></span> <span class='ocrx_word' id='word_1_50' title='bbox 843 1101 1110 1172; x_wconf 75' lang='lat' dir='ltr'><strong>testimoniorum</strong></span> <span class='ocrx_word' id='word_1_51' title='bbox 1134 1099 1355 1168; x_wconf 62' lang='lat' dir='ltr'><strong>historico«-</strong></span> 
     </span>
     <span class='ocr_line' id='line_1_8' title="bbox 282 1211 1350 1302; baseline 0.001 -23"><span class='ocrx_word' id='word_1_52' title='bbox 282 1235 360 1279; x_wconf 87' lang='lat' dir='ltr'><strong>rnm</strong></span> <span class='ocrx_word' id='word_1_53' title='bbox 388 1211 459 1280; x_wconf 85' lang='lat' dir='ltr'><strong>fide</strong></span> <span class='ocrx_word' id='word_1_54' title='bbox 489 1211 690 1302; x_wconf 80' lang='lat' dir='ltr'><strong>dignorum,</strong></span> <span class='ocrx_word' id='word_1_55' title='bbox 727 1211 789 1282; x_wconf 88' lang='lat' dir='ltr'><strong>hos</strong></span> <span class='ocrx_word' id='word_1_56' title='bbox 826 1237 932 1296; x_wconf 83' lang='lat' dir='ltr'><strong>annos</strong></span> <span class='ocrx_word' id='word_1_57' title='bbox 966 1215 1153 1290; x_wconf 82' lang='lat' dir='ltr'><strong>accuratius</strong></span> <span class='ocrx_word' id='word_1_58' title='bbox 1190 1215 1350 1284; x_wconf 71' lang='lat' dir='ltr'><strong>consei-</strong></span> 
     </span>
     <span class='ocr_line' id='line_1_9' title="bbox 282 1323 414 1390; baseline 0 0"><span class='ocrx_word' id='word_1_59' title='bbox 282 1323 414 1390; x_wconf 90' lang='lat' dir='ltr'><strong>tuendi.</strong></span> 
     </span>
    </p>

    <p class='ocr_par' dir='ltr' id='par_1_3' title="bbox 275 1441 1398 2540">
     <span class='ocr_line' id='line_1_10' title="bbox 323 1441 1346 1533; baseline 0.01 -27"><span class='ocrx_word' id='word_1_60' title='bbox 323 1441 416 1508; x_wconf 88' lang='lat' dir='ltr'><strong>Nero</strong></span> <span class='ocrx_word' id='word_1_61' title='bbox 437 1441 511 1512; x_wconf 81' lang='lat' dir='ltr'><strong>vite&#39;</strong></span> <span class='ocrx_word' id='word_1_62' title='bbox 528 1441 676 1510; x_wconf 86' lang='lat' dir='ltr'><strong>decessit</strong></span> <span class='ocrx_word' id='word_1_63' title='bbox 707 1441 765 1512; x_wconf 85' lang='lat' dir='ltr'><strong>die</strong></span> <span class='ocrx_word' id='word_1_64' title='bbox 794 1463 885 1512; x_wconf 88' lang='lat' dir='ltr'><strong>nono</strong></span> <span class='ocrx_word' id='word_1_65' title='bbox 915 1442 1039 1514; x_wconf 84' lang='lat' dir='ltr'><strong>mensis</strong></span> <span class='ocrx_word' id='word_1_66' title='bbox 1064 1442 1158 1510; x_wconf 82' lang='lat' dir='ltr'><strong>Junii</strong></span> <span class='ocrx_word' id='word_1_67' title='bbox 1180 1444 1269 1510; x_wconf 83' lang='lat' dir='ltr'><strong>anui</strong></span> <span class='ocrx_word' id='word_1_68' title='bbox 1299 1459 1346 1533; x_wconf 58' lang='lat' dir='ltr'><strong>ps</strong></span> 
     </span>
     <span class='ocr_line' id='line_1_11' title="bbox 282 1553 1336 1646; baseline 0 -26"><span class='ocrx_word' id='word_1_69' title='bbox 282 1554 368 1620; x_wconf 85' lang='lat' dir='ltr'>Chr.</span> <span class='ocrx_word' id='word_1_70' title='bbox 390 1579 426 1620; x_wconf 89' lang='lat' dir='ltr'><strong>n.</strong></span> <span class='ocrx_word' id='word_1_71' title='bbox 442 1557 503 1638; x_wconf 88' lang='grc'><strong>68,</strong></span> <span class='ocrx_word' id='word_1_72' title='bbox 528 1570 612 1622; x_wconf 85' lang='lat' dir='ltr'><strong>teste</strong></span> <span class='ocrx_word' id='word_1_73' title='bbox 635 1553 831 1646; x_wconf 71' lang='lat' dir='ltr'><strong>xiphilin),</strong></span> <span class='ocrx_word' id='word_1_74' title='bbox 855 1555 916 1646; x_wconf 85' lang='lat' dir='ltr'><strong>qui</strong></span> <span class='ocrx_word' id='word_1_75' title='bbox 939 1581 958 1622; x_wconf 91' lang='lat' dir='ltr'><strong>a</strong></span> <span class='ocrx_word' id='word_1_76' title='bbox 981 1573 1089 1624; x_wconf 81' lang='lat' dir='ltr'><strong>morte</strong></span> <span class='ocrx_word' id='word_1_77' title='bbox 1113 1556 1264 1624; x_wconf 87' lang='lat' dir='ltr'><strong>Neronis</strong></span> <span class='ocrx_word' id='word_1_78' title='bbox 1281 1556 1336 1630; x_wconf 83' lang='lat' dir='ltr'><strong>ad</strong></span> 
     </span>
     <span class='ocr_line' id='line_1_12' title="bbox 281 1667 1338 1763; baseline 0.006 -31"><span class='ocrx_word' id='word_1_79' title='bbox 281 1667 417 1734; x_wconf 88' lang='lat' dir='ltr'><strong>initium</strong></span> <span class='ocrx_word' id='word_1_80' title='bbox 435 1667 656 1763; x_wconf 82' lang='lat' dir='ltr'><strong>Vespasiani,</strong></span> <span class='ocrx_word' id='word_1_81' title='bbox 673 1667 709 1736; x_wconf 91' lang='lat' dir='ltr'><strong>id</strong></span> <span class='ocrx_word' id='word_1_82' title='bbox 724 1685 796 1754; x_wconf 82' lang='lat' dir='ltr'><strong>est,</strong></span> <span class='ocrx_word' id='word_1_83' title='bbox 817 1671 861 1740; x_wconf 87' lang='lat' dir='ltr'><strong>ad</strong></span> <span class='ocrx_word' id='word_1_84' title='bbox 883 1669 949 1738; x_wconf 87' lang='lat' dir='ltr'><strong>cel.</strong></span> <span class='ocrx_word' id='word_1_85' title='bbox 970 1668 1219 1761; x_wconf 82' lang='lat' dir='ltr'><strong>Juliianui69,</strong></span> <span class='ocrx_word' id='word_1_86' title='bbox 1238 1668 1338 1738; x_wconf 84' lang='lat' dir='ltr'><strong>dicit</strong></span> 
     </span>
     <span class='ocr_line' id='line_1_13' title="bbox 281 1781 1334 1868; baseline 0.008 -22"><span class='ocrx_word' id='word_1_87' title='bbox 281 1781 444 1848; x_wconf 81' lang='lat' dir='ltr'><strong>interesse</strong></span> <span class='ocrx_word' id='word_1_88' title='bbox 470 1805 597 1851; x_wconf 77' lang='lat' dir='ltr'><strong>annum</strong></span> <span class='ocrx_word' id='word_1_89' title='bbox 618 1782 791 1868; x_wconf 84' lang='lat' dir='ltr'><strong>solidum,</strong></span> <span class='ocrx_word' id='word_1_90' title='bbox 811 1783 883 1850; x_wconf 89' lang='lat' dir='ltr'><strong>dies</strong></span> <span class='ocrx_word' id='word_1_91' title='bbox 905 1804 958 1853; x_wconf 74' lang='lat'><strong>22.</strong></span> <span class='ocrx_word' id='word_1_92' title='bbox 1002 1781 1150 1868; x_wconf 76' lang='lat' dir='ltr'><strong>Scaliger</strong></span> <span class='ocrx_word' id='word_1_93' title='bbox 1170 1785 1209 1850; x_wconf 88' lang='lat' dir='ltr'><strong>in</strong></span> <span class='ocrx_word' id='word_1_94' title='bbox 1231 1782 1334 1854; x_wconf 86' lang='lat' dir='ltr'><strong>libro</strong></span> 
     </span>
     <span class='ocr_line' id='line_1_14' title="bbox 282 1891 1398 2000; baseline 0.002 -38"><span class='ocrx_word' id='word_1_95' title='bbox 282 1896 328 1962; x_wconf 91' lang='lat' dir='ltr'><strong>de</strong></span> <span class='ocrx_word' id='word_1_96' title='bbox 350 1891 602 1970; x_wconf 75' lang='lat' dir='ltr'><strong>&#39;Emendatione</strong></span> <span class='ocrx_word' id='word_1_97' title='bbox 632 1914 823 1992; x_wconf 88' lang='lat' dir='ltr'><strong>temporum</strong></span> <span class='ocrx_word' id='word_1_98' title='bbox 844 1922 881 1987; x_wconf 87' lang='lat' dir='ltr'><strong>p.</strong></span> <span class='ocrx_word' id='word_1_99' title='bbox 899 1900 965 1986; x_wconf 78' lang='lat'><strong>469</strong></span> <span class='ocrx_word' id='word_1_100' title='bbox 989 1896 1033 1962; x_wconf 86' lang='lat' dir='ltr'><strong>ed</strong></span> <span class='ocrx_word' id='word_1_101' title='bbox 1060 1897 1127 1965; x_wconf 89' lang='lat' dir='ltr'><strong>hoc</strong></span> <span class='ocrx_word' id='word_1_102' title='bbox 1148 1895 1333 1986; x_wconf 88' lang='lat' dir='ltr'><strong>Xiphilini</strong></span> <span class='ocrx_word' id='word_1_103' title='bbox 1397 1959 1398 2000; x_wconf 54' lang='lat'>3</span> 
     </span>
     <span class='ocr_line' id='line_1_15' title="bbox 275 1993 1331 2100; baseline 0 -24"><span class='ocrx_word' id='word_1_104' title='bbox 275 1993 513 2080; x_wconf 63' lang='lat' dir='ltr'><strong>&#39;testimonium</strong></span> <span class='ocrx_word' id='word_1_105' title='bbox 525 2011 643 2088; x_wconf 74' lang='lat' dir='ltr'><strong>addits</strong></span> <span class='ocrx_word' id='word_1_106' title='bbox 706 2011 824 2080; x_wconf 81' lang='lat' dir='ltr'><strong>»Hanc</strong></span> <span class='ocrx_word' id='word_1_107' title='bbox 843 2009 1047 2078; x_wconf 88' lang='lat' dir='ltr'><strong>sententiam</strong></span> <span class='ocrx_word' id='word_1_108' title='bbox 1062 2010 1331 2100; x_wconf 83' lang='lat' dir='ltr'><strong>amplectimur,</strong></span> 
     </span>
     <span class='ocr_line' id='line_1_16' title="bbox 283 2123 1329 2215; baseline -0.006 -25"><span class='ocrx_word' id='word_1_109' title='bbox 283 2147 397 2215; x_wconf 82' lang='lat' dir='ltr'><strong>neque</strong></span> <span class='ocrx_word' id='word_1_110' title='bbox 422 2123 618 2193; x_wconf 88' lang='lat' dir='ltr'><strong>dubitamus</strong></span> <span class='ocrx_word' id='word_1_111' title='bbox 639 2147 753 2192; x_wconf 87' lang='lat' dir='ltr'><strong>veram</strong></span> <span class='ocrx_word' id='word_1_112' title='bbox 778 2146 871 2208; x_wconf 82' lang='lat' dir='ltr'><strong>esse3</strong></span> <span class='ocrx_word' id='word_1_113' title='bbox 905 2124 1106 2210; x_wconf 87' lang='lat' dir='ltr'><strong>praesertim</strong></span> <span class='ocrx_word' id='word_1_114' title='bbox 1132 2146 1209 2192; x_wconf 89' lang='lat' dir='ltr'><strong>oum</strong></span> <span class='ocrx_word' id='word_1_115' title='bbox 1231 2125 1329 2192; x_wconf 68' lang='lat' dir='ltr'><strong>Cas-</strong></span> 
     </span>
     <span class='ocr_line' id='line_1_17' title="bbox 282 2215 1327 2329; baseline -0.004 -23"><span class='ocrx_word' id='word_1_116' title='bbox 282 2237 436 2306; x_wconf 86' lang='lat' dir='ltr'><strong>siodorus</strong></span> <span class='ocrx_word' id='word_1_117' title='bbox 455 2215 602 2322; x_wconf 80' lang='lat' dir='ltr'><strong>scribat,</strong></span> <span class='ocrx_word' id='word_1_118' title='bbox 623 2239 794 2304; x_wconf 88' lang='lat' dir='ltr'><strong>Neronem</strong></span> <span class='ocrx_word' id='word_1_119' title='bbox 809 2236 991 2329; x_wconf 86' lang='lat' dir='ltr'><strong>imperasse</strong></span> <span class='ocrx_word' id='word_1_120' title='bbox 1008 2259 1114 2304; x_wconf 89' lang='lat' dir='ltr'><strong>annos</strong></span> <span class='ocrx_word' id='word_1_121' title='bbox 1138 2240 1197 2316; x_wconf 78' lang='lat'><strong>15,</strong></span> <span class='ocrx_word' id='word_1_122' title='bbox 1216 2259 1327 2310; x_wconf 84' lang='lat' dir='ltr'><strong>men-</strong></span> 
     </span>
     <span class='ocr_line' id='line_1_18' title="bbox 285 2349 1326 2446; baseline 0 -28"><span class='ocrx_word' id='word_1_123' title='bbox 285 2375 336 2420; x_wconf 86' lang='lat' dir='ltr'><strong>ses</strong></span> <span class='ocrx_word' id='word_1_124' title='bbox 364 2373 406 2438; x_wconf 85' lang='lat'><strong>7.</strong></span> <span class='ocrx_word' id='word_1_125' title='bbox 439 2350 511 2424; x_wconf 87' lang='lat' dir='ltr'><strong>dies</strong></span> <span class='ocrx_word' id='word_1_126' title='bbox 536 2353 602 2436; x_wconf 82' lang='lat'><strong>28,</strong></span> <span class='ocrx_word' id='word_1_127' title='bbox 625 2349 718 2442; x_wconf 82' lang='lat' dir='ltr'><strong>quod</strong></span> <span class='ocrx_word' id='word_1_128' title='bbox 751 2365 881 2446; x_wconf 85' lang='lat' dir='ltr'><strong>tempus</strong></span> <span class='ocrx_word' id='word_1_129' title='bbox 912 2351 1041 2430; x_wconf 80' lang='lat' dir='ltr'><strong>desinit</strong></span> <span class='ocrx_word' id='word_1_130' title='bbox 1072 2352 1110 2431; x_wconf 79' lang='lat' dir='ltr'><strong>iu</strong></span> <span class='ocrx_word' id='word_1_131' title='bbox 1139 2372 1229 2420; x_wconf 88' lang='lat' dir='ltr'><strong>nono</strong></span> <span class='ocrx_word' id='word_1_132' title='bbox 1262 2349 1326 2418; x_wconf 78' lang='lat' dir='ltr'><strong>die</strong></span> 
     </span>
     <span class='ocr_line' id='line_1_19' title="bbox 281 2465 416 2540; baseline -0.015 -6"><span class='ocrx_word' id='word_1_133' title='bbox 281 2465 416 2540; x_wconf 82' lang='lat' dir='ltr'><strong>Junii.”</strong></span> 
     </span>
    </p>

    <p class='ocr_par' dir='ltr' id='par_1_4' title="bbox 281 2577 1317 3250">
     <span class='ocr_line' id='line_1_20' title="bbox 326 2577 1317 2674; baseline -0.001 -25"><span class='ocrx_word' id='word_1_134' title='bbox 326 2581 506 2672; x_wconf 82' lang='lat' dir='ltr'><strong>Temporis</strong></span> <span class='ocrx_word' id='word_1_135' title='bbox 537 2582 704 2672; x_wconf 78' lang='lat' dir='ltr'><strong>spatium,</strong></span> <span class='ocrx_word' id='word_1_136' title='bbox 742 2602 810 2674; x_wconf 77' lang='lat' dir='ltr'><strong>quo</strong></span> <span class='ocrx_word' id='word_1_137' title='bbox 844 2583 938 2648; x_wconf 92' lang='lat' dir='ltr'><strong>Nero</strong></span> <span class='ocrx_word' id='word_1_138' title='bbox 966 2583 1146 2670; x_wconf 68' lang='lat' dir='ltr'><strong>regnaris,</strong></span> <span class='ocrx_word' id='word_1_139' title='bbox 1179 2579 1219 2646; x_wconf 91' lang='lat' dir='ltr'><strong>ab</strong></span> <span class='ocrx_word' id='word_1_140' title='bbox 1241 2577 1317 2648; x_wconf 83' lang='lat' dir='ltr'><strong>aliis</strong></span> 
     </span>
     <span class='ocr_line' id='line_1_21' title="bbox 283 2693 1315 2790; baseline 0.002 -28"><span class='ocrx_word' id='word_1_141' title='bbox 283 2697 510 2786; x_wconf 77' lang='lat' dir='ltr'><strong>scriptoribus</strong></span> <span class='ocrx_word' id='word_1_142' title='bbox 522 2698 673 2790; x_wconf 83' lang='lat' dir='ltr'><strong>antiquis</strong></span> <span class='ocrx_word' id='word_1_143' title='bbox 691 2695 897 2788; x_wconf 87' lang='lat' dir='ltr'><strong>plerumque</strong></span> <span class='ocrx_word' id='word_1_144' title='bbox 918 2720 1060 2764; x_wconf 87' lang='lat' dir='ltr'><strong>numero</strong></span> <span class='ocrx_word' id='word_1_145' title='bbox 1076 2693 1222 2785; x_wconf 85' lang='lat' dir='ltr'><strong>rotundo</strong></span> <span class='ocrx_word' id='word_1_146' title='bbox 1237 2709 1315 2764; x_wconf 78' lang='lat' dir='ltr'><strong>tra·</strong></span> 
     </span>
     <span class='ocr_line' id='line_1_22' title="bbox 284 2806 1316 2888; baseline 0.001 -10"><span class='ocrx_word' id='word_1_147' title='bbox 284 2811 380 2888; x_wconf 85' lang='lat' dir='ltr'><strong>ditur</strong></span> <span class='ocrx_word' id='word_1_148' title='bbox 409 2810 510 2882; x_wconf 80' lang='lat' dir='ltr'><strong>fuisse</strong></span> <span class='ocrx_word' id='word_1_149' title='bbox 544 2834 651 2880; x_wconf 88' lang='lat' dir='ltr'><strong>anuos</strong></span> <span class='ocrx_word' id='word_1_150' title='bbox 686 2811 852 2882; x_wconf 84' lang='lat' dir='ltr'><strong>tredecim</strong></span> <span class='ocrx_word' id='word_1_151' title='bbox 883 2829 918 2876; x_wconf 89' lang='lat' dir='ltr'><strong>et</strong></span> <span class='ocrx_word' id='word_1_152' title='bbox 952 2827 1030 2878; x_wconf 89' lang='lat' dir='ltr'><strong>octo</strong></span> <span class='ocrx_word' id='word_1_153' title='bbox 1061 2831 1203 2884; x_wconf 81' lang='lat' dir='ltr'><strong>menses.¹</strong></span> <span class='ocrx_word' id='word_1_154' title='bbox 1242 2806 1316 2882; x_wconf 72' lang='lat' dir='ltr'><strong>cst.</strong></span> 
     </span>
     <span class='ocr_line' id='line_1_23' title="bbox 281 2905 1311 3020; baseline -0.004 -28"><span class='ocrx_word' id='word_1_155' title='bbox 281 2905 514 2998; x_wconf 68' lang='lat' dir='ltr'><strong>¹Schrader</strong></span> <span class='ocrx_word' id='word_1_156' title='bbox 535 2924 601 3002; x_wconf 73' lang='lat' dir='ltr'><strong>tl,</strong></span> <span class='ocrx_word' id='word_1_157' title='bbox 633 2950 669 3016; x_wconf 88' lang='lat' dir='ltr'><strong>p.</strong></span> <span class='ocrx_word' id='word_1_158' title='bbox 692 2929 746 2996; x_wconf 79' lang='lat'><strong>55.</strong></span> <span class='ocrx_word' id='word_1_159' title='bbox 789 2925 862 2990; x_wconf 88' lang='lat' dir='ltr'><strong>Jam</strong></span> <span class='ocrx_word' id='word_1_160' title='bbox 893 2923 1016 2991; x_wconf 88' lang='lat' dir='ltr'><strong>Paulus</strong></span> <span class='ocrx_word' id='word_1_161' title='bbox 1043 2926 1184 3020; x_wconf 64' lang='lat' dir='ltr'><strong>Romam</strong></span> <span class='ocrx_word' id='word_1_162' title='bbox 1204 2925 1311 2999; x_wconf 81' lang='lat' dir='ltr'><strong>venit,</strong></span> 
     </span>
     <span class='ocr_line' id='line_1_24' title="bbox 287 3038 1312 3132; baseline -0.003 -26"><span class='ocrx_word' id='word_1_163' title='bbox 287 3064 365 3106; x_wconf 91' lang='lat' dir='ltr'><strong>cum</strong></span> <span class='ocrx_word' id='word_1_164' title='bbox 382 3041 534 3106; x_wconf 87' lang='lat' dir='ltr'><strong>Burrhus</strong></span> <span class='ocrx_word' id='word_1_165' title='bbox 551 3038 664 3116; x_wconf 89' lang='lat' dir='ltr'><strong>adhuc</strong></span> <span class='ocrx_word' id='word_1_166' title='bbox 681 3039 872 3132; x_wconf 78' lang='lat' dir='ltr'><strong>praefectus</strong></span> <span class='ocrx_word' id='word_1_167' title='bbox 890 3040 1062 3131; x_wconf 79' lang='lat' dir='ltr'><strong>praetorio</strong></span> <span class='ocrx_word' id='word_1_168' title='bbox 1080 3055 1164 3116; x_wconf 85' lang='lat' dir='ltr'><strong>essct</strong></span> <span class='ocrx_word' id='word_1_169' title='bbox 1175 3085 1189 3124; x_wconf 67' lang='lat'>„</span> <span class='ocrx_word' id='word_1_170' title='bbox 1205 3053 1241 3116; x_wconf 81' lang='lat' dir='ltr'><strong>ut</strong></span> <span class='ocrx_word' id='word_1_171' title='bbox 1251 3061 1312 3112; x_wconf 56' lang='lat' dir='ltr'><strong>sus</strong></span> 
     </span>
     <span class='ocr_line' id='line_1_25' title="bbox 282 3154 511 3250; baseline 0.017 -34"><span class='ocrx_word' id='word_1_172' title='bbox 282 3177 346 3250; x_wconf 84' lang='lat' dir='ltr'><strong>pre</strong></span> <span class='ocrx_word' id='word_1_173' title='bbox 366 3154 511 3220; x_wconf 83' lang='lat' dir='ltr'><strong>ostendi.</strong></span> 
     </span>
    </p>

    <p class='ocr_par' dir='ltr' id='par_1_5' title="bbox 186 3265 1314 3358">
     <span class='ocr_line' id='line_1_26' title="bbox 186 3265 1314 3358; baseline -0.001 -27"><span class='ocrx_word' id='word_1_174' title='bbox 186 3343 187 3350; x_wconf 13' lang='lat' dir='ltr'><strong>p</strong></span> <span class='ocrx_word' id='word_1_175' title='bbox 329 3267 410 3332; x_wconf 87' lang='lat' dir='ltr'><strong>Post</strong></span> <span class='ocrx_word' id='word_1_176' title='bbox 423 3281 568 3334; x_wconf 86' lang='lat' dir='ltr'><strong>mortem</strong></span> <span class='ocrx_word' id='word_1_177' title='bbox 584 3265 731 3348; x_wconf 85' lang='lat' dir='ltr'><strong>Burrlri,</strong></span> <span class='ocrx_word' id='word_1_178' title='bbox 752 3268 813 3358; x_wconf 87' lang='lat' dir='ltr'><strong>qui</strong></span> <span class='ocrx_word' id='word_1_179' title='bbox 826 3266 928 3356; x_wconf 76' lang='lat' dir='ltr'><strong>paulo</strong></span> <span class='ocrx_word' id='word_1_180' title='bbox 942 3285 1020 3358; x_wconf 89' lang='lat' dir='ltr'><strong>post</strong></span> <span class='ocrx_word' id='word_1_181' title='bbox 1034 3267 1214 3336; x_wconf 83' lang='lat' dir='ltr'><strong>adventum</strong></span> <span class='ocrx_word' id='word_1_182' title='bbox 1226 3268 1314 3334; x_wconf 87' lang='lat' dir='ltr'><strong>Pau-</strong></span> 
     </span>
    </p>

    <p class='ocr_par' dir='ltr' id='par_1_6' title="bbox 181 3375 1312 4050">
     <span class='ocr_line' id='line_1_27' title="bbox 289 3375 1312 3466; baseline 0.002 -16"><span class='ocrx_word' id='word_1_183' title='bbox 289 3383 314 3450; x_wconf 91' lang='lat' dir='ltr'><strong>li</strong></span> <span class='ocrx_word' id='word_1_184' title='bbox 333 3383 399 3446; x_wconf 85' lang='lat' dir='ltr'><strong>vita</strong></span> <span class='ocrx_word' id='word_1_185' title='bbox 419 3375 583 3459; x_wconf 86' lang='lat' dir='ltr'><strong>decessit,</strong></span> <span class='ocrx_word' id='word_1_186' title='bbox 606 3378 689 3465; x_wconf 82' lang='lat' dir='ltr'><strong>(cfr.</strong></span> <span class='ocrx_word' id='word_1_187' title='bbox 709 3383 850 3448; x_wconf 82' lang='lat' dir='ltr'><strong>Tacitus</strong></span> <span class='ocrx_word' id='word_1_188' title='bbox 872 3383 1195 3466; x_wconf 76' lang='lat' dir='ltr'><strong>Annat.XIV,51.</strong></span> <span class='ocrx_word' id='word_1_189' title='bbox 1215 3381 1312 3452; x_wconf 78' lang='lat' dir='ltr'><strong>Beck</strong></span> 
     </span>
     <span class='ocr_line' id='line_1_28' title="bbox 181 3471 1309 3590; baseline -0.003 -27"><span class='ocrx_word' id='word_1_190' title='bbox 181 3541 184 3549; x_wconf 84' lang='lat'><em>.</em></span> <span class='ocrx_word' id='word_1_191' title='bbox 280 3471 396 3569; x_wconf 72' lang='lat' dir='ltr'><strong>‘Wea</strong></span> <span class='ocrx_word' id='word_1_192' title='bbox 412 3496 486 3564; x_wconf 68' lang='lat' dir='ltr'><strong>aaa</strong></span> <span class='ocrx_word' id='word_1_193' title='bbox 503 3493 865 3582; x_wconf 53' lang='lat' dir='ltr'><strong>restagnatione,</strong></span> <span class='ocrx_word' id='word_1_194' title='bbox 890 3498 988 3570; x_wconf 58' lang='lat' dir='ltr'><strong>run</strong></span> <span class='ocrx_word' id='word_1_195' title='bbox 998 3497 1051 3580; x_wconf 87' lang='lat'><strong>11,</strong></span> <span class='ocrx_word' id='word_1_196' title='bbox 1073 3523 1111 3590; x_wconf 78' lang='lat' dir='ltr'><strong>p.</strong></span> <span class='ocrx_word' id='word_1_197' title='bbox 1126 3498 1219 3582; x_wconf 77' lang='lat' dir='ltr'><strong>ssa.)</strong></span> <span class='ocrx_word' id='word_1_198' title='bbox 1246 3493 1309 3566; x_wconf 70' lang='lat' dir='ltr'><strong>se-</strong></span> 
     </span>
     <span class='ocr_line' id='line_1_29' title="bbox 290 3606 1306 3694; baseline -0.002 -18"><span class='ocrx_word' id='word_1_199' title='bbox 290 3637 374 3682; x_wconf 81' lang='lat' dir='ltr'><strong>nece</strong></span> <span class='ocrx_word' id='word_1_200' title='bbox 398 3609 494 3678; x_wconf 79' lang='lat' dir='ltr'><strong>variis</strong></span> <span class='ocrx_word' id='word_1_201' title='bbox 515 3606 807 3678; x_wconf 87' lang='lat' dir='ltr'><strong>criminationibus</strong></span> <span class='ocrx_word' id='word_1_202' title='bbox 819 3607 862 3676; x_wconf 87' lang='lat' dir='ltr'><strong>ad</strong></span> <span class='ocrx_word' id='word_1_203' title='bbox 880 3611 1055 3680; x_wconf 85' lang='lat' dir='ltr'><strong>Caesarem</strong></span> <span class='ocrx_word' id='word_1_204' title='bbox 1067 3611 1211 3694; x_wconf 84' lang='lat' dir='ltr'><strong>delatus,</strong></span> <span class='ocrx_word' id='word_1_205' title='bbox 1226 3625 1306 3676; x_wconf 85' lang='lat' dir='ltr'><strong>tem-</strong></span> 
     </span>
     <span class='ocr_line' id='line_1_30' title="bbox 289 3721 1304 3814; baseline -0.003 -24"><span class='ocrx_word' id='word_1_206' title='bbox 289 3749 355 3814; x_wconf 88' lang='lat' dir='ltr'><strong>pus</strong></span> <span class='ocrx_word' id='word_1_207' title='bbox 375 3721 521 3788; x_wconf 89' lang='lat' dir='ltr'><strong>sermoni</strong></span> <span class='ocrx_word' id='word_1_208' title='bbox 543 3738 640 3800; x_wconf 84' lang='lat' dir='ltr'><strong>orat,</strong></span> <span class='ocrx_word' id='word_1_209' title='bbox 665 3739 700 3788; x_wconf 90' lang='lat' dir='ltr'><strong>et</strong></span> <span class='ocrx_word' id='word_1_210' title='bbox 719 3739 860 3812; x_wconf 85' lang='lat' dir='ltr'><strong>accepto</strong></span> <span class='ocrx_word' id='word_1_211' title='bbox 875 3722 922 3798; x_wconf 86' lang='lat' dir='ltr'><strong>ita</strong></span> <span class='ocrx_word' id='word_1_212' title='bbox 934 3721 1117 3814; x_wconf 89' lang='lat' dir='ltr'><strong>alloquitur</strong></span> <span class='ocrx_word' id='word_1_213' title='bbox 1131 3724 1304 3790; x_wconf 82' lang='lat' dir='ltr'><strong>Neronem:</strong></span> 
     </span>
     <span class='ocr_line' id='line_1_31' title="bbox 291 3833 1302 3927; baseline -0.001 -26"><span class='ocrx_word' id='word_1_214' title='bbox 291 3867 310 3912; x_wconf 67' lang='lat' dir='ltr'><strong>u</strong></span> <span class='ocrx_word' id='word_1_215' title='bbox 329 3841 479 3924; x_wconf 85' lang='lat' dir='ltr'><strong>Quartus</strong></span> <span class='ocrx_word' id='word_1_216' title='bbox 500 3833 650 3907; x_wconf 84' lang='lat' dir='ltr'><strong>decimus</strong></span> <span class='ocrx_word' id='word_1_217' title='bbox 676 3860 785 3904; x_wconf 87' lang='lat' dir='ltr'><strong>annus</strong></span> <span class='ocrx_word' id='word_1_218' title='bbox 811 3853 881 3913; x_wconf 83' lang='lat' dir='ltr'><strong>est,</strong></span> <span class='ocrx_word' id='word_1_219' title='bbox 904 3860 945 3908; x_wconf 82' lang='lat' dir='ltr'><strong>ex</strong></span> <span class='ocrx_word' id='word_1_220' title='bbox 967 3860 1036 3927; x_wconf 91' lang='lat' dir='ltr'><strong>quo</strong></span> <span class='ocrx_word' id='word_1_221' title='bbox 1056 3839 1130 3924; x_wconf 88' lang='lat' dir='ltr'><strong>spei</strong></span> <span class='ocrx_word' id='word_1_222' title='bbox 1157 3855 1223 3904; x_wconf 89' lang='lat' dir='ltr'><strong>tuae</strong></span> <span class='ocrx_word' id='word_1_223' title='bbox 1245 3835 1302 3900; x_wconf 83' lang='lat' dir='ltr'><strong>ad·</strong></span> 
     </span>
     <span class='ocr_line' id='line_1_32' title="bbox 277 3929 1303 4050; baseline 0 -32"><span class='ocrx_word' id='word_1_224' title='bbox 277 3929 398 4018; x_wconf 45' lang='lat' dir='ltr'><strong>&#39;morus</strong></span> <span class='ocrx_word' id='word_1_225' title='bbox 422 3973 514 4035; x_wconf 82' lang='lat' dir='ltr'><strong>sum3</strong></span> <span class='ocrx_word' id='word_1_226' title='bbox 540 3967 692 4050; x_wconf 70' lang='lat' dir='ltr'><strong>octavus,</strong></span> <span class='ocrx_word' id='word_1_227' title='bbox 714 3965 753 4016; x_wconf 91' lang='lat' dir='ltr'><strong>ut</strong></span> <span class='ocrx_word' id='word_1_228' title='bbox 774 3950 954 4040; x_wconf 87' lang='lat' dir='ltr'><strong>imperium</strong></span> <span class='ocrx_word' id='word_1_229' title='bbox 980 3951 1153 4021; x_wconf 82' lang='lat' dir='ltr'><strong>obtines.’&#39;</strong></span> <span class='ocrx_word' id='word_1_230' title='bbox 1188 3951 1303 4028; x_wconf 78' lang='lat' dir='ltr'><strong>Tacitus</strong></span> 
     </span>
    </p>
   </div>
   <div class='ocr_carea' id='block_1_3' title="bbox 287 4066 579 4146">
    <p class='ocr_par' dir='ltr' id='par_1_7' title="bbox 287 4066 579 4146">
     <span class='ocr_line' id='line_1_33' title="bbox 287 4066 579 4146; baseline -0.01 -12"><span class='ocrx_word' id='word_1_231' title='bbox 287 4069 380 4134; x_wconf 81' lang='lat' dir='ltr'><strong>Auo.</strong></span> <span class='ocrx_word' id='word_1_232' title='bbox 398 4066 501 4146; x_wconf 75' lang='lat' dir='ltr'><strong>xiv,</strong></span> <span class='ocrx_word' id='word_1_233' title='bbox 524 4068 579 4135; x_wconf 80' lang='lat'><strong>55.</strong></span> 
     </span>
    </p>
   </div>
   <div class='ocr_carea' id='block_1_4' title="bbox 0 0 1444 4758">
    <p class='ocr_par' dir='ltr' id='par_1_8' title="bbox 0 0 1444 4758">
     <span class='ocr_line' id='line_1_34' title="bbox 0 0 1444 4758; baseline 0 2"><span class='ocrx_word' id='word_1_234' title='bbox 0 0 1444 4758; x_wconf 95' lang='lat' dir='ltr'><strong> </strong></span> 
     </span>
    </p>
   </div>
  </div>
 </body>
</html>
