2940 4780
692 357 873 444 (aas)

277 546 330 624 διὸ
348 543 440 628 νόμον
460 541 668 628 κριθήσονται,
691 537 754 604 ubi
775 541 827 610 teri
846 536 941 607 idem
964 551 1015 606 est
1038 557 1078 604 ac
1093 534 1191 607 md.
1228 533 1306 612 cu.

280 655 407 728 Wahl
437 656 536 720 Tom.
556 655 592 736 1,
616 655 691 740 274.

334 771 425 852 Haec
458 766 700 856 interpretatio
741 770 792 839 διὰ
832 769 1010 850 πνεύματος
1050 766 1169 840 sistito
1209 758 1312 864 otium

281 881 353 951 aliis
379 881 463 950 locis
492 882 691 970 Scriptum
712 902 827 948 sacrae
852 874 1104 949 accommodata
1133 891 1205 964 est3
1229 901 1309 946 nam

280 996 413 1090 quoties
439 1023 459 1063 a
484 996 624 1064 Christo
647 996 725 1090 ipso
746 994 895 1082 dicitur,
925 993 1060 1078 omnia,
1089 1013 1178 1083 quae
1206 988 1250 1057 de
1275 1013 1312 1059 te

276 1111 314 1179 in
346 1110 445 1179 libris
470 1093 721 1203 prophetarum
748 1111 879 1202 scripta
911 1110 1010 1197 sint,
1044 1103 1312 1208 consummanda

274 1229 365 1296 esse!

314 1317 392 1408 'Sed
413 1339 493 1428 jure
513 1337 712 1430 quaeritur,
733 1361 796 1408 cur
819 1354 938 1408 auctor
961 1344 1090 1426 metes
1108 1337 1198 1422 ἅγιον
1230 1355 1312 1403 oou·

278 1468 332 1547 tta
354 1474 491 1520 omnem
512 1450 550 1520 S.
570 1447 608 1520 S.
631 1475 748 1538 usum,
770 1462 896 1541 πνεῦμα
910 1456 1034 1538 {sideros
1056 1449 1309 1522 nominaverit?

276 1563 389 1638 Valde
410 1565 593 1660 probabile
616 1581 691 1652 est,
713 1587 886 1639 auctorem
906 1570 974 1640 hoc
1000 1545 1108 1642 verbo
1126 1568 1171 1636 ad
1192 1571 1310 1654 εἱμαρ-

210 1755 214 1770 ,
271 1663 372 1770 Ιμένην
386 1678 447 1762 ,νοί
457 1678 587 1768 satum
608 1679 802 1751 Stoicorum
821 1688 1029 1782 respexisse,
1052 1681 1147 1774 quod
1170 1679 1313 1774 quidem

276 1822 319 1898 ex
347 1798 495 1869 decretis
523 1818 642 1864 eorum
662 1822 682 1864 a
704 1800 776 1866 Deo
797 1798 968 1871 diversum
989 1813 1062 1882 est,
1095 1793 1156 1864 sed
1181 1794 1313 1890 saepius

276 1913 380 1984 ctiam
402 1914 508 1984 Deus
521 1931 556 1986 et
572 1919 729 2005 spiritus
742 1916 820 1984 Dei
835 1929 988 1981 vocatur.
1031 1910 1215 1980 Diversum
1238 1922 1311 1992 est,

276 2031 443 2121 inquam,
472 2027 580 2098 satum
605 2055 625 2097 e
649 2028 751 2116 Deog
780 2030 829 2096 sie
856 2027 949 2094 euim
976 2026 1082 2096 habet
1111 2024 1241 2093 Seneca
1273 2021 1313 2090 in

233 2211 238 2218 ,
277 2142 369 2210 libro
386 2142 429 2208 de
452 2143 552 2212 Prov.
574 2143 627 2212 Vt
664 2172 683 2216 α
700 2141 764 2208 Ille
784 2143 936 2210 omnium
960 2139 1119 2210 conditor
1139 2162 1180 2208 ac
1200 2152 1315 2205 rector

277 2256 416 2345 scripsit
439 2255 584 2347 quidem
615 2253 706 2337 fata,
736 2254 797 2322 sed
822 2255 1000 2348 sequitur,
1032 2278 1168 2347 semper
1194 2269 1314 2343 paret,

280 2363 383 2434 semel
404 2366 543 2451 jussit.''
587 2366 659 2436 Sed
681 2369 813 2464 saepius
836 2370 937 2436 etiam
954 2368 1063 2436 fatum
1083 2393 1102 2435 e
1121 2365 1240 2434 Stoicis
1255 2387 1314 2432 vo·

278 2497 375 2547 catur
387 2479 492 2578 Deus
508 2479 562 2550 vel
581 2483 738 2572 spiritus
758 2481 898 2572 quidam
910 2482 1006 2576 Βεί.Ι
1033 2481 1162 2551 Seneca
1185 2481 1227 2548 de
1239 2482 1310 2548 Be-

279 2593 349 2664 nef.
370 2595 443 2678 IV,
466 2619 509 2684 72
544 2625 564 2670 t<
581 2595 726 2687 Quoties
745 2594 857 2681 voles,
879 2596 1013 2685 inquit,
1037 2598 1101 2666 tibi
1117 2595 1199 2664 licet
1216 2594 1314 2662 aliter

277 2709 372 2777 hunc
393 2725 568 2777 auctorent
587 2734 704 2778 rerum
723 2725 758 2777 et
776 2725 974 2779 naturarum
994 2711 1187 2806 appellarcg
1203 2727 1238 2777 et
1254 2711 1313 2777 Jo·

277 2847 354 2892 vem
378 2811 483 2891 'illum
508 2822 697 2913 optimum,
726 2825 923 2890 maximum.
967 2825 1069 2893 Hunc
1092 2825 1259 2910 eundem,
1282 2825 1311 2892 ti

274 2942 397 3028 latum
413 2937 562 3020 dixeris,
584 2958 655 3005 non
675 2940 864 3005 mentieris.
901 2940 988 3006 Nam
1005 2963 1081 3006 cum
1098 2942 1204 3008 fatum
1223 2943 1312 3008 nihil

278 3053 372 3122 aliud
404 3053 467 3138 sit,
503 3075 608 3143 qnam
637 3053 740 3116 series
770 3049 920 3138 implexa
954 3076 1148 3139 causarum,
1174 3055 1232 3124 ille
1256 3071 1312 3124 est

277 3167 390 3260 prima
429 3164 584 3231 omnium
623 3185 745 3246 eausa,
778 3185 820 3230 ex
849 3186 916 3252 qua
950 3181 1082 3233 ceterae
1118 3167 1312 3258 pendent.”

279 3277 496 3369 Chrysippus
515 3277 713 3342 fatumesse
736 3274 826 3341 dixit
850 3281 980 3362 δύναμιν
997 3287 1206 3368 πνευματικὴν
1223 3285 1312 3372 ςάξε,

277 3382 332 3467 roi
364 3377 479 3470 terete
510 3394 717 3472 διοικητικῖιν,Ι
740 3392 811 3458 vim
839 3387 1069 3481 spiritualem
1098 3400 1222 3471 ordine
1247 3401 1314 3466 lzoc

278 3512 485 3580 um'versum
504 3503 767 3593 gubernantem
789 3504 890 3596 (52).
947 3507 1113 3600 Idemque
1145 3510 1210 3578 alio
1235 3510 1333 3578 icco'

278 3625 388 3692 fatum
412 3621 727 3704 distenderetur
746 3630 802 3700 τῆς
824 3626 963 3711 προνοίας
986 3626 1049 3711 (55
1060 3625 1085 3712 ).
1116 3626 1249 3694 Seneca
1268 3627 1312 3704 de

277 3801 489 3824 Μ

311 3907 385 3980 (52)
405 3905 460 3965 cfr.
476 3907 615 3981 Lipsius
640 3913 674 3965 de
699 3911 870 3966 Constantia
889 3907 947 3965 Lib.
962 3907 996 3978 i,
1015 3911 1054 3968 18.
1078 3909 1144 3964 hanc
1165 3921 1192 3965 et
1206 3930 1316 3982 sequen-

277 4003 329 4048 ttur
348 3993 526 4050 definitionem
543 3997 593 4054 fati
612 4017 626 4052 e
645 3997 755 4053 Gellii
772 4001 810 4054 N.
828 3999 866 4052 A.
884 3995 940 4052 uit.
951 3995 999 4054 vt.
1016 3998 1124 4068 profert.

313 4084 374 4153 (53)
393 4084 447 4140 ctr.
465 4086 603 4156 Lipsius
628 4086 716 4158 Phys.
732 4087 817 4142 Stoic.
833 4081 893 4141 Lib.
908 4081 938 4148 t.
962 4098 1000 4143 12.
1028 4085 1073 4142 nbi
1092 4106 1122 4143 tr
1138 4085 1249 4142 Stobaeo
1272 4085 1314 4140 his

276 4168 373 4224 similit
391 4172 566 4242 proferuntur.
