2928 4754
705 363 865 453 (⁵²)

194 643 196 648 ,
314 544 444 613 Auctor
467 543 570 634 hujus
599 529 781 636 epistello,
816 547 999 640 inquiunt,
1030 547 1096 618 luit
1122 555 1306 646 eaptituag'

274 677 352 728 eum
370 659 462 727 illam
479 661 663 746 seriberet3
680 662 837 728 hortatur
856 663 947 734 enim
963 661 1138 730 Hebraeos
1157 666 1201 732 ad
1223 691 1303 754 pres

272 793 328 844 ces
352 797 417 865 pro
441 797 475 842 se
499 773 692 857 iaciendas,
715 793 753 842 ut
784 775 867 864 ipsis
894 777 1005 864 τάχιον
1031 763 1304 879 exonerandos*

270 883 309 950 id
324 901 393 971 est,
408 903 482 954 ute
504 889 699 978 captivitate
720 887 816 962 oltlus
835 889 1002 957 liberetur
1021 904 1055 957 et
1073 890 1188 957 amicis
1204 891 1293 958 red-

266 997 369 1066 datur
391 1000 489 1087 (16).
533 1003 652 1072 Lectio
675 1003 781 1071 Hebr.
795 1004 851 1086 X,
868 1004 933 1082 54,
956 1009 988 1074 ἐν
1010 1013 1073 1082 ruit
1095 1007 1301 1089 isauriensis.

267 1117 522 1198 συνεπαθήσατε,
555 1139 759 1206 quamquem
790 1141 865 1184 eam
905 1116 1239 1184 Griesbaohius
1280 1139 1304 1184 e

270 1243 366 1294 textu
383 1230 426 1295 N.
447 1231 492 1295 T.
513 1228 715 1314 eliminavit,
739 1249 773 1298 et
793 1229 836 1296 ab
860 1228 932 1296 eliis
954 1229 1189 1320 improbatur,
1211 1253 1302 1323 pro·
1397 1283 1401 1291 .

269 1339 443 1410 habilibus
460 1342 663 1428 argumentis
684 1341 825 1409 delendi
840 1359 975 1432 potest,
998 1359 1091 1408 certo
1112 1340 1233 1424 docet,
1255 1342 1300 1408 ab

269 1455 512 1544 antiquissimis
543 1452 625 1522 iude
657 1455 870 1543 temporibus
906 1478 1025 1524 vocem
1061 1460 1302 1525 deutereseos

269 1571 307 1640 lei
351 1571 395 1644 do
432 1567 636 1637 liberatione
665 1593 685 1636 e
722 1592 860 1637 carcere
896 1584 931 1636 et
972 1565 1118 1636 vinculis
1156 1563 1302 1634 intelle-

268 1699 358 1752 otam
391 1707 475 1751 esee.
528 1681 649 1751 Multis
681 1682 790 1772 iisque
819 1706 890 1750 non
927 1680 1058 1750 levibus
1093 1680 1304 1770 argumentis

268 1794 388 1874 doceri
419 1798 521 1864 etiam
554 1814 691 1886 potest,
730 1797 908 1887 epistolam
949 1794 994 1861 ad
1032 1775 1203 1858 Hebraeos
1235 1789 1318 1874 isto

268 1928 448 2000 tempore,
472 1936 540 2001 quo
565 1912 689 1977 Paulus
719 1913 843 1976 Romae
877 1907 1030 1994 captivus
1059 1904 1295 1985 detinebatur,

267 2025 430 2113 scriptam
459 2045 541 2087 esse.
588 2021 694 2088 Porro
730 2037 850 2084 auctor
881 2019 1089 2087 mentionem
1120 2018 1202 2086 facit
1229 2015 1298 2084 Ti·⁴

269 2135 417 2212 mothei‚
442 2133 598 2200 nominat
618 2156 696 2198 eum
720 2130 883 2212 fratrem,
908 2149 943 2196 et
964 2130 1116 2222 appellat
1137 2156 1215 2198 eum
1236 2151 1299 2198 eo-.

267 2247 383 2314 mitem
400 2245 563 2310 itinerum
585 2267 741 2331 suorum,
763 2244 990 2334 promittens,¹
1013 2245 1152 2335 simulne
1177 2247 1300 2330 Timo·

268 2361 365 2428 theus
388 2359 430 2426 ad
451 2383 484 2433 se
502 2360 655 2437 venerit.
679 2383 719 2425 eo
739 2361 830 2440 soolo
860 2382 895 2426 se
913 2357 957 2423 ad
978 2359 1123 2440 lectores
1140 2355 1306 2446 epistolae

267 2477 333 2543 iter
367 2474 538 2541 lecturum
571 2495 655 2552 esse.
706 2473 815 2564 Vocat
841 2474 1059 2555 Timotheum
1090 2471 1298 2552 ἀπολελυμέ-

267 2621 314 2676 sou
332 2592 440 2686 (17),
463 2590 672 2676 dimissum,
692 2587 878 2692 respiciens
902 2587 945 2656 ad
966 2589 1028 2673 id,
1054 2585 1148 2700 quod
1174 2585 1212 2650 in
1234 2579 1299 2652 alia

276 2737 488 2753 ψ

297 2811 369 2886 (16)
387 2809 545 2879 significatio
559 2809 631 2866 votis
646 2811 857 2882 ἀποκαθίσιημι
871 2813 951 2869 dubia
969 2811 1074 2882 quidam
1089 2821 1137 2869 est.
1171 2813 1203 2866 ln
1216 2813 1249 2868 ll.
1264 2810 1295 2868 Τ.

265 2898 367 2966 stallis
384 2897 553 2971 scriptoribus
571 2911 645 2955 notat
667 2900 695 2955 lu
712 2901 858 2957 universum
880 2904 910 2953 in
924 2902 1078 2970 pristinum
1092 2908 1198 2956 παίωνι
1215 2901 1301 2964 realia

265 2999 360 3064 affuere„
377 3004 441 3064 quae
459 2987 612 3060 significatio
626 2988 807 3058 liberationem
823 2999 850 3040 et
865 2984 973 3054 uinculis
991 2983 1107 3048 involvit.
1136 2985 1301 3060 Wabliut

265 3073 489 3148 (elusisti-124.)
503 3073 589 3129 locum
605 3074 686 3136 Hebr.
694 3073 758 3144 XII,
770 3093 810 3144 ¹9·
827 3073 858 3146 de
868 3071 970 3123 doctore
979 3073 1091 3141 captivo
1102 3071 1156 3126 suia
1169 3073 1299 3148 reddendo

264 3161 459 3228 interpretatur·
479 3159 617 3230 Morus,
634 3171 753 3228 utsupra
770 3158 898 3224 vidimus,
914 3153 1007 3209 dubius
1024 3165 1070 3214 eet.
1095 3159 1300 3215 Rosenmiil-

263 3247 318 3302 ler
341 3245 369 3297 in
393 3242 504 3297 Seholiis
523 3244 557 3295 ad
584 3245 652 3300 huno
671 3244 756 3300 loeum
781 3243 861 3310 diuite
896 3241 961 3306 »Ex
982 3243 1024 3300 hia
1039 3247 1126 3301 verbis
1148 3249 1302 3320 neutiquam

264 3331 442 3404 sequitur,.in
462 3329 572 3395 uinculis
591 3329 654 3383 haee
676 3333 772 3402 scripta
796 3347 860 3382 osse·
895 3331 1033 3403 Liberatus
1051 3335 1171 3408 potirer
1196 3351 1298 3405 eareera

265 3417 433 3482 Timotheum
457 3427 573 3486 expectat
596 3416 699 3470 itineris
723 3420 875 3474 comitem.''
910 3418 961 3473 Sed
977 3419 1098 3475 liberatio
1118 3421 1194 3476 Pauli
1212 3441 1225 3474 e
1241 3439 1303 3494 ear-3

264 3527 339 3579 esre,
358 3523 407 3576 quo
423 3497 519 3558 Romae
545 3503 698 3570 tenebatur,
727 3523 767 3559 rea
785 3504 858 3560 valde
874 3491 994 3577 ambigua
1011 3519 1058 3566 eet.
1091 3509 1171 3567 Plura
1194 3508 1226 3563 de
1250 3507 1305 3563 hae

261 3615 323 3662 rore
341 3595 368 3646 in
386 3592 477 3664 Capite
494 3593 583 3662 quinto
606 3592 682 3661 hujus
698 3591 761 3646 libri
778 3591 926 3650 afferentur.

300 3683 371 3761 (ῃ)
389 3681 446 3750 Vox
465 3680 666 3759 ἀπολελυμένος
688 3679 769 3740 Ilebr.
786 3681 865 3744 XIII,
881 3685 923 3740 23.
941 3679 1034 3748 dubiae
1053 3695 1092 3742 est
1104 3681 1304 3757 interpretatio·

262 3770 314 3834 nis.
348 3769 512 3837 Mosheim
531 3769 715 3839 (Einlsitung
730 3789 764 3821 zu
781 3773 843 3824 dem
866 3781 958 3824 ersten
973 3771 1062 3840 Brief
1078 3790 1116 3824 en
1137 3776 1190 3844 den
1206 3773 1303 3830 Timo-

160 3863 166 3874 '
263 3859 365 3926 theut)
383 3869 474 3929 putat,
494 3853 675 3925 Timotheum,
701 3859 746 3926 qui
762 3857 843 3910 Paulo
862 3857 890 3909 ln
907 3873 1008 3913 earcere
1032 3857 1130 3910 Romae
1152 3859 1256 3912 detento
1273 3875 1301 3910 se

262 3944 329 4001 fidus
355 3945 465 3999 Achates
483 3944 649 4013 adjunxerat,
666 3942 698 3996 ab
715 3943 838 4014 Apostolo
858 3943 886 3995 in
910 3943 992 3996 ullum
1014 3943 1128 4014 aliquem
1142 3944 1228 4000 locunt
1242 3941 1302 3998 Ita-

262 4031 315 4087 liae
332 4031 455 4100 missum,
472 4030 510 4085 ibi
529 4031 555 4085 in
576 4029 676 4100 vincula
698 4030 840 4100 conjectum
855 4038 883 4082 et
900 4047 991 4082 rursus
1008 4047 1037 4082 ex
1053 4030 1087 4084 iis
1101 4030 1240 4086 liberatum
1258 4049 1302 4094 esf

263 4137 308 4183 se,
325 4119 362 4173 ita
378 4129 407 4173 ut
426 4118 547 4172 adventus
565 4117 618 4186 ejus
636 4117 746 4183 aPaulo
763 4115 892 4183 experturi
907 4127 1006 4185 posset3
1025 4115 1090 4170 hane
1119 4115 1301 4192 liberationem

265 4205 394 4268 rarissimi
410 4205 543 4262 Timothei
560 4207 628 4262 tanti
641 4207 722 4264 tieem
740 4219 796 4260 aste
812 4201 911 4273 Paulo,
929 4214 958 4258 ut
976 4203 1102 4258 Hebraeis
1119 4219 1149 4257 ea
1168 4202 1305 4254 nuntiara-
