2878 4758
709 327 895 422 (²⁵²)

292 533 402 582 mores
424 509 536 600 posui.
558 543 600 562 -
622 509 735 580 Omne
757 526 910 602 tempus,
932 509 1042 580 omnis
1063 531 1122 580 vos
1139 491 1274 581 locu·
1309 508 1393 580 ‹lo-⁴

299 642 400 711 cest,
422 649 525 718 quam
547 623 646 694 facile
671 626 716 694 sit
738 627 938 698 muntiare
969 639 1111 694 naturae
1142 638 1183 691 et
1224 646 1391 692 munus

296 762 397 810 suum
427 737 479 808 illi
512 739 745 830 impingerc.’'
788 739 912 808 Paulus
944 761 1086 830 prorsus
1105 737 1171 806 alia
1215 739 1388 806 ratione

295 852 507 924 Christianos
536 849 582 922 ad
615 853 839 922 constantim
864 853 901 920 in
924 851 1076 923 adamis
1104 851 1379 922 adhortatur:

299 969 445 1054 «Cum,
465 966 602 1060 iuquit.
624 982 717 1037 mute
738 963 895 1060 undique
914 968 1088 1054 cingamur
1107 966 1273 1034 testium
1308 988 1377 1034 co·

297 1081 379 1172 piat
404 1097 597 1150 consuetos
615 1101 859 1172 persequamur
879 1095 1054 1149 certamen
1078 1077 1179 1146 uobis
1204 1101 1370 1170 propo·

298 1196 427 1282 utum,
447 1193 621 1266 intuentos
639 1194 785 1264 menime
806 1193 889 1262 fidei
911 1193 1171 1280 antesignanum
1194 1210 1243 1260 et
1269 1214 1370 1260 con·

300 1324 563 1394 sommatorem,
585 1308 647 1400 qui
664 1325 703 1376 ut
721 1331 849 1378 summa
867 1306 1031 1378 felicitate
1047 1303 1199 1394 gaudere
1215 1321 1368 1395 posset,

302 1421 413 1490 crucis
431 1421 639 1513 supplicium
654 1420 778 1504 subiit,
792 1436 827 1492 et
841 1437 956 1514 spreta
973 1420 1251 1510 ignominia,ad
1268 1419 1364 1488 dex-

302 1549 392 1604 tram
410 1531 488 1602 solii
511 1534 619 1606 divini
643 1534 811 1605 coneedit.
857 1534 1018 1632 Spectato
1036 1535 1153 1616 illum,
1176 1559 1229 1604 ne
1261 1533 1360 1604 deii·

304 1648 401 1718 ciatis
423 1648 547 1718 anino
588 1646 658 1719 Vos
680 1665 819 1738 manet,
840 1650 930 1722 sicut
954 1650 1072 1736 illum,
1096 1650 1180 1718 urbs
1202 1649 1279 1717 Dei
1301 1649 1357 1720 τί·
1380 1632 1386 1663 ¹

303 1763 360 1850 vi,
380 1759 612 1857 Hierosolyma
630 1762 810 1845 coelestis,
832 1781 948 1836 coetus
969 1783 1004 1834 st
1022 1764 1142 1836 concio
1164 1747 1350 1854 primoge-

304 1878 475 1964 nitorum,
499 1875 579 1949 albo
597 1876 736 1948 coelesti
753 1879 1019 1969 inscriptorum,
1043 1877 1138 1948 cet.”

350 1991 473 2063 Paulus
500 2015 709 2087 qumquam
732 1989 880 2061 subinde
907 1991 1026 2064 Stoica
1053 1993 1092 2060 in
1121 2015 1229 2062 suum
1255 2017 1332 2061 mam

309 2107 666 2190 convertens,munsit
679 2103 918 2192 Christianusr
940 2109 1030 2174 sicut
1044 2107 1201 2190 Seneca,
1227 2129 1321 2198 mm·

308 2245 413 2314 quam
427 2221 586 2308 dogmata
603 2216 880 2288 Christianorum
897 2239 941 2286 ex
953 2218 1059 2288 Paulo
1080 2220 1243 2308 coguovit
1259 2219 1335 2286 et'u

311 2353 391 2402 auos
418 2332 568 2400 subinde
594 2351 674 2398 usus
695 2315 878 2414 adhibuit,
908 2334 1034 2404 mansit
1063 2333 1199 2406 Stoicus
1229 2330 1294 2406 lati
1314 2349 1341 2402 et

311 2445 520 2524 autochiriat
548 2442 710 2516 defensor
730 2445 929 2518 acerrimus.

356 2563 392 2634 4.
412 2557 606 2634 Verisimile
631 2558 718 2628 milri
738 2558 832 2629 euim
854 2559 1009 2642 videtur,
1029 2577 1069 2630 ut
1087 2562 1158 2650 jam
1174 2583 1280 2652 supra
1299 2561 1345 2628 di·

313 2677 370 2761 xi,
382 2675 422 2746 in
436 2677 594 2746 Senecae
608 2674 718 2746 libros
734 2674 919 2744 nonnullos
934 2676 1148 2766 quaedam·
1171 2675 1347 2748 cornua

314 2815 443 2866 norum
467 2791 619 2885 placitis
639 2790 820 2878 fluxisse,
848 2789 887 2856 iu
912 2812 968 2857 coe
998 2789 1185 2875 nimirum,
1204 2791 1286 2884 qui,
1307 2817 1345 2862 ex

315 2928 388 3002 quo
409 2901 673 2974 familiaritatem
692 2900 866 2995 quandam
885 2925 964 2976 cum
985 2902 1185 2988 Christianis
1203 2921 1342 2974 coutra-

315 3035 434 3098 κοῖαι,
459 3015 581 3107 scripti
610 3034 713 3102 sunt,
744 3018 836 3084 inter
865 3039 950 3107 quoe
977 3019 1121 3088 maxime
1147 3015 1271 3089 librum
1299 3020 1343 3088 de

314 3132 560 3218 Prouidentia,
588 3127 757 3224 Epistulas
781 3145 816 3196 et
838 3127 1016 3200 Naturales
1044 3129 1261 3220 Quaestioues
1280 3158 1341 3204 rs·

313 3247 402 3318 sero.
837 3310 839 3314 .
1028 3241 1033 3250 ’

359 3365 392 3433 5.
416 3358 572 3450 Denique
591 3356 633 3428 ab
654 3357 813 3430 omnibus
836 3357 1096 3430 concedendum
1113 3373 1186 3446 est,
1207 3360 1343 3434 Paulum
1392 3387 1393 3476 i

317 3475 356 3544 in
378 3475 447 3542 suis
469 3471 682 3543 sermonibus
698 3489 734 3540 et
755 3471 906 3562 epistolis
927 3473 1074 3543 subinde
1090 3476 1189 3546 ctiam
1204 3499 1241 3544 es
1256 3478 1343 3547 aliis

319 3587 562 3678 scriptoribus
579 3585 738 3656 ethnicis
756 3586 936 3656 hausisse.
970 3588 1077 3657 Notus
1096 3608 1148 3658 cst
1161 3589 1243 3658 locus
1260 3594 1341 3663 Act.

318 3703 438 3785 XVII,
464 3703 528 3772 28²
572 3701 631 3772 'Er
645 3705 730 3790 αὐτῷ
742 3705 805 3788 γὰρ
819 3705 918 3790 ζῶμεν
937 3708 990 3776 aet
1011 3705 1172 3790 κινούμεθα
1188 3708 1235 3778 aa!
1247 3709 1336 3790 ἔσμεν

320 3825 359 3898 ὡς
373 3805 437 3895 Ιεωιί
457 3845 535 3894 τινες
554 3825 614 3888 τῶν
633 3817 703 3887 καθ’
725 3822 808 3901 ὑμᾶς
829 3825 958 3900 ποιητῶν
976 3821 1131 3904 sipiares·
1153 3827 1200 3890 roi
1215 3824 1267 3904 yolo
1283 3825 1334 3890 tul

322 3935 407 4016 γένος
426 3937 530 4020 ἐσμεν.
574 3930 847 4024 Hemistychium
865 3932 932 4004 ltoo
954 3955 995 4000 ex
1019 3933 1116 4002 Arati
1143 3933 1330 4016 Phaetonte-z
