2940 4780
718 327 893 440 (ιω)

284 515 395 605 capite
406 499 550 592 exeunte
559 509 694 577 sacculo
706 511 807 578 tertio
819 510 869 578 vel
887 516 1021 582 saeculo
1036 511 1180 587 deinum
1191 537 1349 614 quarto

283 627 532 697 consarcinatae
555 624 636 691 sirit.

324 761 356 810 2.
378 744 456 810 Non
477 755 589 807 tamen
602 739 760 828 prorant
785 743 1007 832 spernendae
1031 764 1113 815 cunt
1138 751 1341 840 epistolae,

279 854 443 944 Quamvis
466 853 558 920 enim
576 873 647 920 non
672 880 711 923 ea
738 873 867 941 aetate,
892 881 994 952 quam
1016 885 1099 956 prae
1121 877 1157 930 se
1174 859 1340 943 ‘fes-nm,

277 969 426 1056 toriptae
451 968 542 1052 sintg
575 970 668 1056 origo
692 984 805 1038 tnmen
826 995 943 1042 aarum
971 977 1029 1044 ud¹
1046 975 1179 1044 tumult·
1195 978 1335 1065 'priore

275 1081 485 1177 reipublicae
503 1079 716 1174 Christianae
739 1083 921 1151 reserenda
942 1104 1013 1170 est,
1028 1107 1063 1155 et
1084 1067 1332 1178 argumentum

277 1197 396 1261 earum
420 1187 537 1260 testari
559 1207 693 1282 potest,
722 1185 813 1284 'quid
838 1177 1040 1267 Christiani¹
1059 1179 1131 1269 tum
1157 1183 1332 1294 temporis

277 1305 322 1375 de
347 1303 554 1398 quibusdam
573 1297 682 1374 'rebus
710 1306 753 1375 nd
776 1309 951 1383 bi'stbriam
974 1316 1170 1406 primitivae
1198 1313 1323 1381 nocie*

275 1423 343 1496 siae
359 1417 612 1507 pertinentibus
632 1415 862 1503 judicaverint
884 1447 919 1495 et
937 1453 1003 1521 pro
1020 1453 1101 1499 vero
1122 1428 1323 1498 habuerint.

276 1531 320 1600 ln
338 1531 450 1623 Epist.
468 1551 521 1599 ιτ.
545 1529 694 1621 exempli
713 1537 820 1618 gratia
844 1521 974 1609 Seneca
993 1542 1098 1609 Paulo
1119 1537 1163 1609 de
1188 1543 1319 1607 iucen-

277 1647 337 1714 dio
358 1647 456 1713 urbis
476 1647 601 1714 Romae
621 1669 712 1715 anno
730 1651 787 1718 64.
808 1665 888 1743 post
909 1653 951 1720 C.
972 1656 1016 1724 N.
1035 1672 1072 1722 et
1085 1653 1128 1720 de
1144 1651 1319 1720 Christis*-

276 1761 356 1842 nis‚
379 1759 475 1850 quasi
498 1754 791 1826 machinatoribus
815 1763 971 1830 incendii
992 1765 1163 1856 supplicio
1191 1765 1321 1833 affectis

275 1871 410 1940 scribit.
456 1871 547 1956 Ergo
566 1869 690 1938 Paulus
708 1891 786 1961 post
805 1872 893 1940 illud
911 1875 1114 1944 incendium
1134 1875 1246 1944 adhuc
1267 1878 1318 1945 vi·

274 1990 327 2055 xit
356 2003 391 2053 et
419 1986 546 2052 Romae
576 1983 644 2051 suit
673 1987 751 2074 (8).
792 1985 885 2074 Ergo
907 2005 1059 2080 tempus,
1086 2010 1157 2078 quo
1193 1985 1316 2054 Paulus
1398 2029 1401 2038 ‚

274 2101 403 2165 Romae
437 2119 662 2167 commoratus
706 2117 787 2183 est,
823 2100 968 2167 muitum
1012 2100 1105 2168 istud
1133 2101 1312 2168 biennium·

276 2214 358 2280 Act.
376 2211 627 2295 xxvl11,to.
658 2212 806 2282 excedit.
853 2215 927 2283 Hoc
954 2216 1112 2308 sequitur
1135 2214 1238 2279 etiam
1271 2233 1314 2280 ex

274 2353 338 2412 eo,
360 2324 454 2418 quod
475 2328 514 2393 in
529 2307 586 2394 bis
615 2327 768 2420 epistolis
786 2346 932 2421 quatuor
954 2328 1166 2397 diversorum
1191 2349 1312 2394 consu·

273 2443 406 2510 latuum
432 2440 495 2507 fiat
514 2440 655 2508 mentio.
698 2439 756 2510 sic
776 2439 897 2510 saltem
924 2441 1111 2508 Christiani
1136 2455 1208 2508 tum
1227 2454 1311 2508 tem·

273 2557 471 2645 poris,qu0
487 2554 568 2621 istae
586 2551 711 2644 literae
722 2553 933 2643 compositae
952 2569 1052 2637 sunt,
1073 2552 1116 2620 de
1136 2568 1306 2640 tempore,

274 2689 345 2756 quo
368 2668 490 2735 Paulus
515 2669 640 2735 Romae
661 2665 823 2760 captivus·
838 2665 977 2746 mansit,
999 2664 1210 2751 judicarunt.
1244 2663 1304 2732 'At-

276 2801 344 2872 que
370 2779 677 2872 bou·antiquitutis
698 2779 945 2848 ecclesiasticae
975 2776 1227 2867 praejudicium
1245 2799 1302 2844 ne*

275 2920 448 2987 quaquam
467 2892 748 2985 postponendum
770 2910 844 2975 eet,
865 2909 901 2958 et
920 2891 1077 2981 opinioni
1093 2910 1233 2974 corum,
1249 2889 1305 2980 qni

274 3007 415 3074 alteram
436 3005 532 3074 Pauli
551 3003 783 3094 captivitatem
800 3019 942 3089 negant,
964 3026 1036 3076 con
1052 3025 1175 3097 perum
1199 2999 1300 3074 relifi·

276 3135 383 3183 cetur.

265 3267 271 3282 ι
318 3235 503 3300 Testantur
539 3229 696 3320 inprimis
735 3228 812 3298 illae
843 3229 1002 3318 epistolae
1036 3229 1096 3310 id,
1127 3228 1220 3321 quod
1261 3229 1302 3298 ad

274 3371 385 3414 meam
410 3367 489 3426 rena,
512 3347 683 3433 pertinet,
706 3343 799 3411 inter
818 3342 1038 3438 ‚Christianos¹
1068 3342 1222 3430 priorum
1242 3367 1306 3426 sue·

275 3457 430 3526 carlorum
446 3456 643 3549 opinionem
660 3457 701 3525 de
722 3459 969 3528 consuetudine
989 3459 1103 3548 aliqua
1118 3463 1211 3528 inter
1222 3462 1300 3528 Pau*

273 3578 345 3646 lum
361 3591 398 3662 et
415 3573 579 3658 Senecam
598 3573 853 3661 percrebuisse,
876 3573 978 3644 immo
1001 3571 1126 3641 samam
1150 3570 1194 3640 de
1213 3567 1296 3643 comss

270 3750 487 3769 m

287 3859 367 3942 to)
384 3834 441 3912 Nou
459 3853 553 3912 diserte
569 3848 672 3930 quitiem
690 3861 717 3917 in
735 3857 793 3917 istis
809 3855 932 3930 Epistolls
949 3851 1065 3925 ticttar,‘
1086 3858 1182 3913 Romae
1199 3857 1296 3926 scriptas

273 3962 345 4011 csse5
367 3958 448 4015 neque
466 3965 524 3998 vcro
542 3948 609 4002 ullus
626 3951 693 4004 alius
710 3953 779 4006 loeus
796 3948 955 4001 nominetur·
989 3949 1172 4015 Argumentum
1190 3961 1247 3998 vero
1263 3954 1300 3994 to-

272 4034 330 4084 tum'
344 4033 381 4082 ita
398 4045 573 4104 conparatum
591 4049 645 4112 est,
662 4051 691 4094 ut
708 4041 803 4105 lionae
821 4034 931 4103 scriptae
948 4051 1003 4090 em
1021 4033 1063 4108 μὶ
1077 4037 1103 4088 in
1115 4033 1223 4100 continio
1238 4023 1299 4082 urbis

268 4118 421 4186 cogitentur.
496 4135 499 4139 '
850 4113 852 4118 ¹
