2878 4758
529 375 708 462 (251)

34 563 213 647 sttana3
238 562 330 628 slent
356 547 446 626 Dens
473 581 514 626 ex
544 559 721 637 machina,
743 559 781 625 in
806 572 930 624 terram
950 556 1131 629 descendit

37 681 96 744 'et
126 677 237 744 inter
269 675 425 756 homines
460 672 622 763 dissipata
653 671 841 757 est‚·sed,
864 688 1063 761 praeparata
1092 689 1127 740 et

38 784 273 858 sustentata
308 788 484 858 Mosaicae·
505 787 679 874 religionis
713 805 748 856 et
782 785 1001 854 ethnicorum
1037 785 1124 877 pbi-

39 900 308 993 losopborum
334 900 491 992 placitis,
524 902 622 970 brevi
640 891 802 992 ¹tempore
833 915 883 968 tot
907 899 1062 966 homines
1087 892 1129 968 ex

46 1017 244 1084 omnibus
265 999 400 1106 populis
425 1031 528 1083 nacta
555 1031 608 1083 est
635 1017 784 1083 fautores
807 1031 842 1082 et
864 1013 1016 1082 asseclas.
1059 1013 1127 1080 Ni-

53 1129 125 1196 hrt·
165 1153 254 1214 ergo
290 1130 491 1197 auctoritate
525 1131 698 1218 religionis
733 1128 949 1198 Christianae
989 1127 1128 1214 indigni

57 1243 251 1310 statuitur
289 1243 332 1312 ab
367 1243 442 1323 bis,
478 1243 539 1342 qul
562 1221 708 1338 putant,
737 1267 779 1311 ex
810 1243 1003 1312 Stoicorum
1026 1244 1130 1310 etiam

58 1355 222 1446 placitis
259 1373 294 1424 et
328 1356 427 1426 libais
465 1355 632 1425 nonnulla
663 1381 683 1423 a
709 1354 908 1423 doctoribus
935 1354 1131 1446 primitivae

63 1459 245 1538 ecclesiae
276 1470 398 1539 hansta'
424 1471 523 1539 etin
553 1493 634 1538 usus
672 1469 948 1538 Christianorum
978 1466 1128 1537 transla-

64 1599 107 1652 ta
130 1569 221 1652 esse·
644 1651 647 1658 ,
1156 1669 1158 1674 Ι

119 1719 153 1766 a.
180 1699 345 1779 Deinde,
367 1702 456 1784 ista,
480 1724 571 1790 quae
591 1701 630 1767 in
650 1699 814 1789 epistolis
836 1697 985 1766 Paulinis
1001 1713 1036 1766 et
1057 1720 1127 1765 no·

74 1814 240 1881 minatim
264 1813 302 1880 in
324 1813 468 1902 epistola
489 1814 533 1881 ad
564 1815 735 1882 Hebraeos
760 1814 952 1884 Stoicorum
975 1813 1131 1899 dogmata

75 1913 241 2015 sapiunt,
258 1929 503 2019 nullam'apud
520 1948 582 1997 nos
600 1931 860 1998 auctoritatem
873 1927 1023 2011 bahent,
1036 1948 1128 2020 quo-

78 2038 176 2104 niam
199 2039 438 2125 Stoicarum,
461 2042 522 2109 sed
552 2045 716 2135 quoniam
734 2041 856 2110 Paulus
878 2040 918 2106 iis
939 2064 1020 2106 usus
1050 2057 1127 2121 est,

77 2173 209 2241 suaque
228 2153 430 2222 auctoritate
449 2155 636 2246 apostoliea
656 2181 695 2224 ea
708 2159 821 2224 sanxit
847 2170 882 2221 et
902 2155 1129 2224 confirmavit.

128 2267 161 2332 5.
184 2266 299 2331 Porro
322 2267 514 2354 apostolum
531 2292 571 2334 ea
592 2269 831 2336 tantummodo
852 2295 871 2336 a
893 2267 1023 2340 Seneca
1045 2294 1128 2336 mu-

87 2390 216 2444 tuatum
243 2399 314 2443 esse
342 2376 484 2456 Paulum
513 2403 657 2466 censeo,
692 2406 783 2471 quoe
807 2373 978 2473 religioni
1009 2385 1128 2452 Obri-

39 2517 42 2523 ·
90 2492 227 2558 atienae
250 2476 372 2562 essent
394 2495 688 2573 accommodata,
710 2499 851 2582 rejectis
868 2513 902 2562 et
924 2499 1130 2586 improbatis

88 2603 151 2680 iis,
175 2625 258 2692 quae
287 2604 320 2671 ei
345 2621 457 2673 essent
478 2609 661 2673 contraria.
705 2607 798 2674 llinc
825 2607 946 2676 Paulus
971 2634 1042 2676 non
1064 2613 1131 2694 ita,

92 2732 130 2784 ut
147 2717 273 2784 Seneca
283 2745 298 2797 ,ι
310 2717 525 2786 Christianos
546 2718 591 2785 ad
612 2723 837 2816 constantim
859 2721 896 2788 in
920 2721 1069 2790 adversis¹
1094 2741 1130 2791 et

95 2831 287 2920 patientiam
307 2833 493 2930 malorum,
520 2857 606 2922 quae
638 2835 683 2902 ob
710 2833 883 2920 religionis
914 2835 1128 2904 Christianae

99 2943 333 3015 confessionem
353 2949 640 3039 experiebantur,
664 2949 878 3016 adhortatur.
900 2949 1128 3041 Nequaquam

99 3059 312 3129 autoebiriam
340 3037 573 3141 commendat,
601 3079 640 3130 ut
665 3064 795 3133 Seneca
821 3058 864 3128 de
893 3061 1030 3130 Provid.
1053 3065 1102 3130 vt
1114 3092 1124 3132 a

22 3207 23 3244 1
101 3193 129 3242 t·
157 3173 286 3246 «Ferte
312 3173 471 3258 fortiter,
504 3180 713 3247 contemnite
742 3173 1001 3268 paupertatem,
1038 3200 1127 3244 eon-

22 3329 23 3344 κ
102 3290 229 3358 temnite
259 3285 452 3374 fortunam,
476 3297 683 3361 contemnite
711 3309 867 3361 mortem.
912 3291 948 3358 Si
974 3315 1128 3384 pugnare

22 3449 24 3462 >
102 3424 166 3469 nou
189 3387 309 3483 vultis,
340 3402 421 3472 licet
450 3405 575 3493 fugere.
618 3407 670 3478 Ex
699 3407 858 3478 omuibus
880 3405 1009 3488 rebus,
1044 3431 1127 3496 quas

22 3579 23 3590 ,
105 3537 167 3582 esse
191 3518 282 3587 robis
311 3521 517 3588 necessarias
549 3523 641 3591 volui
678 3522 901 3614 (loquentem
934 3519 1128 3587 introducit

22 3675 23 3684 ,
107 3627 241 3718 Deum),
263 3631 351 3700 nihil
371 3633 439 3702 feci
459 3633 613 3722 facilius,
638 3661 741 3729 quam
761 3637 859 3704 mori.
898 3633 1016 3700 Prono
1044 3637 1126 3701 ani·

109 3764 185 3807 mam
204 3743 276 3813 loeo
295 3752 405 3838 posui.
451 3751 631 3820 Attendite
648 3750 803 3819 modoet
821 3749 1002 3833 videbitis,
1024 3775 1126 3840 qnam

108 3854 203 3925 brevit
235 3859 276 3925 ad
304 3862 518 3950 libertatem,
550 3881 584 3932 et
616 3888 719 3956 quam
749 3863 906 3955 expedita
932 3865 1035 3932 ducat
1060 3857 1124 3934 tia.

111 3969 175 4037 Non
200 3987 262 4042 tam
288 3973 401 4066 longas
430 3981 467 4070 iu
499 3982 591 4052 exitu
619 3979 740 4065 vobit,¹
760 3963 862 4072 quam
890 3981 1121 4060 intrantibus,
