2928 4754
576 244 843 398 Ι(76)

256 491 421 578 quosdam
448 503 604 582 optantes
626 504 789 575 mortem,
812 509 848 562 et
871 492 1009 582 quidem
1031 493 1155 581 tnagis,
1179 515 1282 582 qnam

252 609 366 694 rogari
390 607 477 676 solet
504 604 585 674 rite.
627 603 769 690 Nescio,
788 623 885 675 utros
907 607 1093 674 existimem
1120 609 1288 693 majorem

250 721 352 794 nobis
376 721 524 788 animum
547 713 650 795 dare,
674 715 735 804 qui
756 717 949 809 deposcunt
968 735 1132 800 mortem,
1160 741 1203 784 au
1222 721 1288 808 qui

252 832 376 900 hilares
401 857 474 902 eam
493 828 668 919 quietique
689 830 938 922 opperiuntur,
961 830 1119 920 quoniam
1136 827 1224 895 illud
1242 852 1288 898 ex

253 945 348 1012 rabie
364 948 451 1032 (so)
470 941 645 1010 interdum
668 966 707 1010 ao
725 946 909 1032 repentina
931 944 1186 1030 indignatione.
1202 944 1289 1012 haee

253 1081 294 1124 ex
318 1055 448 1142 judicio
476 1051 708 1142 tranquillitas
731 1049 822 1122 est.”
866 1056 1011 1146 Epistol.
1039 1081 1091 1144 77.
1114 1054 1199 1122 haee
1229 1057 1286 1122 le-

223 1219 226 1224 .
252 1183 401 1256 gunture
446 1166 589 1255 «Nemo
612 1183 679 1234 tarn
697 1169 876 1257 imperitus
897 1187 972 1252 est,
993 1185 1032 1236 ut
1054 1169 1205 1246 neseiat,
1220 1169 1290 1236 sibi

250 1281 463 1374 ,quaudoque
481 1277 695 1364 moriendum
723 1281 815 1348 esses
841 1296 954 1350 tamen
981 1303 1058 1348 eum
1084 1303 1195 1373 prope
1225 1305 1288 1350 ao-

233 1393 412 1473 ‘eesserin
447 1391 704 1476 tergiversatur,
728 1391 865 1475 tremit,
901 1393 1028 1480 plorat.
1073 1393 1196 1462 Nonne
1223 1393 1290 1460 tibi

253 1503 426 1575 videbitur
454 1501 666 1568 stultissimus
711 1506 881 1588 omnium,
912 1505 972 1596 qui
1001 1506 1163 1593 fleverit,
1195 1507 1288 1598 quod

255 1635 336 1688 ante
363 1613 453 1685 mille
478 1627 583 1684 annos
616 1637 686 1680 non
719 1615 877 1684 vixerat?
921 1615 1043 1706 Aeque
1073 1618 1194 1686 stultus
1215 1637 1289 1706 est,

256 1730 317 1820 qui
345 1729 426 1815 flet,
457 1724 550 1820 quod
589 1743 667 1814 post
697 1751 801 1797 annos
831 1726 925 1794 mille
953 1752 1023 1794 non
1050 1730 1152 1798 rivet.
1197 1733 1288 1800 Haeo

251 1844 351 1934 paria
373 1860 473 1910 suntr
505 1868 576 1910 nou
595 1847 682 1918 eris,
705 1865 776 1908 non
803 1840 921 1928 fuisti3
946 1861 1129 1938 utrumque
1156 1861 1288 1936 tempus

253 1955 400 2044 alienum
432 1976 492 2022 est.
514 1989 559 2008 ·-
580 1957 665 2021 Rata
685 1969 720 2017 et
749 1951 819 2016 fixa
845 1969 925 2020 sunt
944 1953 1013 2020 seta
1035 1972 1138 2046 atque
1168 1979 1290 2043 magna

208 2093 210 2100 ’
257 2083 293 2131 et
311 2081 445 2134 aeterna
465 2069 660 2157 necessitate
682 2064 868 2132 ducuntur.
904 2067 955 2134 Eo
978 2067 1066 2152 ibis,
1088 2092 1157 2160 quo
1177 2071 1290 2137 omnia

252 2194 352 2272 eunt.
373 2215 416 2230 -
436 2179 508 2246 Hoc
534 2179 700 2266 patrituo
723 2175 871 2259 accidit,
894 2178 959 2246 hoe
981 2184 1102 2260 matri.
1124 2182 1189 2250 hoc
1212 2205 1289 2248 ma·

256 2288 407 2378 joribus,
428 2289 494 2354 hoo
518 2287 673 2354 omuibus
698 2305 776 2355 ante
805 2305 858 2375 te,
882 2292 947 2360 hoo
969 2295 1124 2378 omnibus
1152 2312 1228 2384 post
1255 2311 1288 2360 te

259 2397 352 2472 eet.'’
403 2391 556 2466 Natural.
587 2403 728 2492 Quaest.
765 2399 843 2466 Lib.
870 2401 935 2498 11„
957 2407 1020 2496 592
1068 2407 1288 2478 «Contsmue

255 2509 401 2582 mortem
434 2530 468 2580 et
494 2514 627 2599 omnia,
662 2538 748 2606 quae
778 2510 822 2579 ad
847 2528 991 2580 mortem
1016 2498 1170 2603 ducunt,
1199 2543 1288 2586 eon·

258 2640 362 2692 temta
381 2640 480 2694 suuts
504 2627 572 2693 sive
591 2625 651 2691 illa
676 2623 764 2690 bella
792 2624 880 2708 sint,
904 2625 972 2695 sire
1003 2631 1197 2723 naufragia,
1219 2634 1289 2702 sive

153 2747 156 2754 '
256 2761 386 2806 morsus
417 2737 588 2820 ferarum,
619 2735 694 2834 sive
724 2741 902 2804 ruinarum
926 2738 1091 2830 pondera.
1123 2783 1164 2798 -
1192 2745 1289 2812 iratis

258 2852 324 2920 diis
358 2851 586 2944 propitiisque
617 2849 831 2918 moriendum
868 2866 946 2934 estg
983 2853 1113 2920 enimus
1145 2879 1186 2923 er
1213 2859 1286 2946 ipsa

257 2962 495 3056 'desperatione
519 2977 683 3028 sumatur.
705 2998 746 3012 —
767 2962 898 3034 Eodem
918 2964 1015 3031 eitius
1036 2963 1206 3033 tardiusve
1227 2988 1287 3034 te-

258 3074 424 3144 niendum
450 3094 512 3144 est.
555 3075 650 3164 Quid
679 3079 785 3160 ergo?
829 3077 951 3142 Nonne
977 3075 1041 3143 tibi
1066 3077 1291 3146 timidissimus

259 3187 410 3253 omnium
432 3185 568 3252 videtur
590 3202 625 3251 et
652 3182 972 3272 insipientissimus,
994 3188 1053 3278 qui
1073 3212 1192 3275 magno
1212 3215 1288 3257 am·
1393 3227 1397 3241 ·

254 3297 336 3365 bitu
353 3311 449 3382 rogat
467 3319 595 3364 moram
614 3295 759 3363 mortis?
794 3301 823 3364 N
828 3320 916 3364 onne
936 3317 1192 3384 contemneres,
1211 3301 1291 3390 qui,

259 3408 352 3474 iuter
369 3403 780 3502 perituros‘constitutus.
804 3409 966 3478 beneficii
984 3407 1060 3478 loeo
1077 3427 1228 3504 peteret,
1252 3429 1289 3479 ut

224 3589 228 3598 t
267 3585 445 3602 ’.ιι-

303 3694 372 3766 (ao)
400 3691 474 3748 Sient
499 3691 692 3750 Antoninus
724 3690 879 3748 Christianis
905 3691 1002 3757 oblseit
1032 3692 1091 3750 tit.
1114 3693 1167 3765 xl,
1192 3696 1224 3764 ³,
1249 3694 1293 3748 ubi

260 3779 323 3834 haee
340 3790 416 3833 sunt:
451 3780 489 3828 Τὸ
507 3777 539 3830 δὲ
557 3775 665 3844 ἕτοιμον
681 3783 767 3832 τοῦτο
785 3785 908 3854 (paratus
924 3778 957 3832 sd
974 3779 1135 3834 moriendum
1152 3781 1290 3848 animus),

262 3863 309 3917 ἵνα
326 3867 378 3917 ἀπὸ
397 3865 488 3932 ῐδικῆς
506 3869 631 3938 κρίσιας,
659 3867 795 3938 ἔρχηται·
815 3869 852 3934 μὴ
878 3868 948 3919 κατὰ
963 3867 1046 3935 ψιλὴν
1069 3867 1236 3937 παράταξιν,
1259 3863 1293 3924 ὃς

262 3955 288 4005 ol
305 3955 473 4024 Χριστοανοῦ.
1089 3964 1090 3967 ’
