2928 4754
701 429 837 540 (⁶.)

335 611 581 697 Argumentum
605 607 790 699 quiritum:
813 611 891 680 Non
904 589 1086 685 verisimile
1100 593 1173 699 est,¹
1185 596 1279 690 Pau'.

270 773 275 779 -
375 724 447 794 lum
469 721 512 790 ad
535 723 707 791 Hebraeos
725 712 787 793 vel'
802 724 1011 793 Christianos
1039 727 1276 802 Palaestinen·

376 861 428 907 ees
450 861 491 906 ex
512 833 649 904 Judaeis
671 837 821 904 seribere
844 836 987 905 voluisse
1007 840 1061 909 tel
1080 867 1196 914 ausum
1217 871 1278 926 es>

375 977 431 1036 se,
454 975 539 1043 quos
564 951 667 1020 sciret
687 951 754 1019 sibi
774 975 844 1021 esse
864 951 1026 1025 infensus.

289 1070 328 1138 B.
349 1063 529 1158 Praecipui
557 1089 695 1151 eorum,
730 1067 791 1160 qni
831 1064 1007 1136 Paulinum
1036 1069 1197 1159 epistolae
1231 1073 1278 1144 etl

334 1181 505 1251 Hebraeos
534 1181 699 1268 originem
731 1179 998 1268 defenderunt,
1032 1207 1189 1276 quaeque
1230 1179 1281 1255 ati

330 1299 395 1366 ista
421 1297 574 1387 quinque
595 1309 790 1381 argumenta
819 1309 940 1359 eontra
965 1293 1140 1366 Paulinam
1166 1301 1275 1387 origi·

330 1435 412 1478 nem
445 1407 608 1498 epistolae
639 1406 880 1486 labefactanda
909 1407 1162 1499 protulerunt'
1184 1409 1275 1500 'Adl-

329 1525 468 1592 duntur
497 1523 598 1590 etiam
630 1546 700 1605 ee,
734 1541 821 1612 quae
842 1525 845 1534 ’
863 1543 929 1606 pro
963 1520 1104 1594 Paulina
1145 1525 1275 1614 origine

330 1636 492 1728 epistolae
511 1636 624 1704 facere
644 1636 684 1702 iis
705 1633 878 1703 rideirtur.

326 1753 552 1842 Nequaquam
571 1766 684 1816 tamen
709 1748 916 1820 sufficienter
937 1771 1071 1818 eausam
1093 1773 1187 1823 suam
1204 1749 1277 1829 ‹le-⁴

368 1863 518 1932 fendisse
538 1880 715 1955 putantur.

322 1978 558 2048 Recentissimi
578 1977 622 2042 N.
643 1977 687 2039 Τ.
706 1977 913 2065 interpretes
935 1990 971 2040 et
991 1991 1274 2062 commentatores

365 2094 457 2156 inter
479 2104 648 2156 nostrates
668 2069 973 2179 Panlo'epistolem
991 2087 1206 2177 abjudicant.
1258 2085 1271 2097 ’

324 2201 398 2312 5οάΙ
416 2203 529 2270 adhue
550 2203 613 2270 sub
635 2198 752 2289 judice
772 2202 814 2269 tis
835 2220 899 2273 est.

322 2309 509 2424 Audienda
532 2332 583 2382 ert
605 2314 766 2383 etaltera
787 2339 888 2408 pers,
910 2318 1111 2406 praesertim
1133 2319 1162 2391 ti
1180 2321 1271 2408 pru-J

366 2431 493 2514 mittit,
514 2450 585 2496 nou
610 2431 772 2497 urumhen
790 2432 915 2498 iterum
944 2432 1137 2525 iterumque
1165 2457 1268 2516 reeu-

367 2563 458 2613 etam
481 2543 597 2610 denuo
616 2543 899 2634 recoquere‚se'd
924 2566 1010 2613 nova
1032 2547 1164 2614 ratione
1184 2549 1267 2621 vin-a

331 2645 334 2650 ¹
365 2639 471 2728 dicias
490 2657 811 2743 Paulinae'originis
823 2657 924 2745 hujus
944 2658 1111 2750 epistolae·
1126 2677 1270 2753 tentare.

325 2779 402 2846 Hoc
414 2795 482 2865 pre
497 2773 587 2840 virili
599 2769 829 2863 subsequente
848 2773 1050 2844 traeueione
1066 2775 1269 2869 tentabiturq

235 2895 521 2965 Tuecrmo
542 2890 628 2981 ipsa.

278 3011 372 3078 Novi
397 3005 509 3082 ratio,
533 3023 601 3093 qua
623 2987 795 3071 vindicius
821 3001 962 3089 originis
981 2999 1140 3070 Paulinae
1166 3002 1268 3092 hujus,

322 3117 482 3214 epistolae
506 3117 754 3201 tentabuntur,
776 3115 830 3182 his
852 3115 1056 3202 argumentis
1081 3117 1225 3188 nititura

280 3237 309 3304 1.
335 3231 584 3301 convenientia
600 3228 767 3318 quaedam
786 3246 821 3295 et
835 3229 1000 3316 eognetio
1018 3231 1111 3296 inter
1134 3230 1265 3321 episto·
1264 3247 1269 3259 '

320 3347 390 3416 lem
426 3343 470 3412 ed
504 3343 677 3410 Hebraeos
709 3359 744 3410 et
770 3339 937 3478 nonnulla
960 3343 1092 3431 teripta
1117 3341 1267 3420 S'aneeau

314 3477 418 3530 extat.
710 3473 714 3482 ·
781 3477 785 3486 ·

361 3575 454 3641 Haec
477 3572 715 3641 convenientia
735 3570 772 3636 in
794 3593 835 3640 eo
857 3571 1010 3638 cernitur

280 3691 327 3760 A.
349 3686 453 3776 Quod
474 3673 590 3755 auctor
611 3687 772 3792 epistoiee
795 3686 838 3753 ad
860 3687 1032 3754 Hebraeos
1140 3677 1144 3688 ’

318 3823 350 3874 1.
373 3799 470 3868 Idem
491 3801 745 3888 argumentum,
768 3803 797 3869 si
817 3819 981 3870 summum
1003 3815 1174 3889 spectes,

321 3935 351 3987 t.
373 3913 505 3982 Eadem
524 3915 712 4002 metuero,
736 3935 925 4012 provocans
947 3911 990 3978 ed
1021 3935 1057 3980 a.
1082 3915 1257 4028 exempla,

321 4029 394 4099 'bs
412 4029 536 4119 effata,
568 4011 784 4100 c.ii1stitute
814 4027 980 4147 quaedum
1011 4017 1199 4116 majorum,
1223 4045 1259 4098 et
