2878 4758
733 353 908 440 (osb)

350 536 426 606 Sive
448 551 530 602 vero
551 533 640 602 banc
662 536 731 602 sire
751 533 844 602 illam
867 533 1129 624 explicationem
1149 532 1268 618 hujus
1294 532 1385 600 loci

304 648 474 738 sequaris,
496 643 563 714 boe
582 662 717 732 manet,
738 649 775 714 in
795 669 857 714 usu
874 662 947 712 tum
964 647 1126 735 temporie
1144 645 1261 712 fuisse
1293 646 1384 711 Ro-

304 785 396 834 mae.
421 779 458 828 ut
483 758 604 826 summi
628 757 843 844 magistratus
862 771 897 825 et
915 779 1074 852 proceres
1092 757 1233 846 imperii
1254 761 1379 839 ἡγού-

303 901 386 958 μενοι
411 871 678 968 appellarentur.
721 868 844 939 Paulus
867 890 946 958 crgo
970 869 1095 938 Itomae
1125 893 1373 940 commorans

302 1003 338 1052 et
362 986 532 1066 scribens,
560 1007 690 1054 morem
716 987 946 1056 Romanorum
974 983 1372 1060 incommonitos

303 1112 462 1164 coetuum
485 1095 759 1166 Christianorum
772 1097 906 1166 vocavit
927 1097 1123 1181 ἡγουμένους.

346 1210 380 1278 4.
407 1210 481 1278 Nec
501 1231 573 1278 non
592 1214 621 1282 ol
644 1213 709 1284 dxl
727 1221 783 1290 mic
801 1210 965 1294 Ἰταλίας,
986 1231 1036 1278 vs.
1056 1209 1120 1294 ol,
1139 1207 1364 1300 expeditio·
1400 1221 1401 1232 ¹

301 1345 377 1392 rem
389 1322 709 1414 interpretationem
723 1321 934 1406 admittunt,
952 1322 1169 1416 tiponimus,
1187 1336 1364 1390 nostram

303 1433 484 1528 epistolam
503 1435 568 1504 sub
591 1437 646 1508 vel
665 1451 746 1530 post
762 1435 869 1502 linem
881 1435 1178 1506 biennii'liomani
1199 1461 1222 1502 a
1242 1435 1363 1504 Paulo

302 1553 431 1622 Romae
451 1549 616 1642 scriptam
645 1573 730 1620 mse.
783 1547 1015 1620 Periculosum
1042 1549 1135 1620 enim
1166 1551 1243 1638 jam
1280 1566 1362 1616 tuat

303 1667 431 1734 Itomae
450 1685 523 1732 este
547 1662 683 1753 coepit,
705 1662 942 1736 Christianum
960 1683 1045 1734 este·
1096 1659 1231 1732 inridit
1256 1661 1357 1730 scri·

305 1779 381 1872 ptio
401 1775 565 1868 epistolae
585 1791 722 1846 nostrae
738 1775 779 1846 in
799 1775 887 1846 illud
909 1777 984 1846 lere
1001 1791 1157 1869 tempus,
1190 1800 1269 1871 quo
1291 1776 1353 1846 in·

304 1891 397 1964 vidia
425 1893 553 1961 Romae
577 1892 672 1977 justu
694 1891 859 1972 Neronis,
889 1907 928 1959 ut
948 1891 1157 1982 putabatur,
1186 1889 1351 1960 incensae

304 2009 344 2076 in
373 2005 586 2076 Christianos
622 2005 791 2074 Romanos
821 2005 1075 2078 devolvebatur.
1134 2005 1339 2096 Principium

304 2121 409 2208 hujus
429 2113 604 2188 incremlii.
636 2131 721 2184 teste
747 2117 904 2186 Tacito
925 2119 1063 2187 Aauat
1087 2117 1173 2202 XV,
1196 2122 1327 2203 δῌι,

306 2237 346 2302 in
359 2233 451 2298 diem
467 2230 550 2296 XIV
566 2223 712 2294 Calend·
731 2225 851 2296 sextil.
864 2229 945 2298 anni
958 2255 995 2324 p.
1017 2231 1062 2300 U.
1080 2233 1121 2302 C.
1140 2233 1216 2324 817·
1239 2234 1341 2302 cde·

308 2345 408 2414 osuio
426 2359 461 2412 et
479 2340 531 2408 M.
547 2336 683 2410 Licinio
702 2339 896 2410 oonsulibus
918 2343 1060 2430 incidit,
1084 2347 1144 2440 qui
1168 2369 1281 2416 annus
1299 2363 1347 2414 eat

306 2483 347 2554 p.
369 2456 455 2524 chr.
476 2479 515 2522 u·
539 2455 594 2524 64.
647 2453 835 2522 Tacitus
867 2458 1008 2528 Annol.
1038 2460 1129 2540 XV,
1150 2461 1216 2546 44,
1246 2479 1349 2550 post·

308 2593 415 2662 quam
444 2567 558 2636 dirum
579 2567 646 2636 hoc
671 2583 707 2636 et
731 2567 946 2640 horrendum
969 2572 1185 2654 incendium,
1202 2599 1269 2664 per
1292 2600 1350 2642 ser

311 2683 491 2752 continuos
508 2679 582 2748 dica
598 2680 728 2750 durans
746 2698 782 2750 et
799 2683 878 2777 plns
895 2710 998 2776 quam
1020 2685 1192 2756 dimidiam
1212 2708 1350 2779 partem

310 2795 408 2864 urbis
432 2815 653 2872 consument,
674 2793 923 2890 descripserat,
946 2799 1030 2870 haec
1059 2816 1196 2868 namet:
1235 2833 1256 2874 e
1273 2805 1351 2870 Non

310 2934 375 3004 ope
399 2906 571 2986 bumana,
602 2929 674 2975 non
699 2905 935 2996 largitionibus
962 2911 1134 3002 principis
1154 2914 1220 3018 =ecl
1235 2917 1348 2986 Deum

202 3099 206 3115 .
307 3018 530 3116 placamentis
556 3017 747 3088 decedebat
766 3020 930 3100 infamia,
953 3025 1040 3110 quin
1058 3029 1193 3112 jnrrupa
1218 3027 1349 3100 inm.

309 3132 408 3202 dium
427 3130 636 3198 crederetur.
679 3133 772 3219 Ergo
796 3130 968 3202 abolendo
995 3141 1123 3208 rumori
1145 3142 1239 3210 Nero
1259 3146 1347 3212 sub-

311 3243 402 3314 didit
428 3259 505 3308 rece
534 3257 569 3308 et
594 3243 844 3330 matimonio
866 3251 987 3334 poenis
1006 3251 1136 3331 affecit,
1171 3275 1258 3344 quos
1286 3281 1350 3347 per

311 3354 439 3445 flagitia
456 3353 581 3420 inrisos
609 3354 727 3442 vulgup
754 3355 963 3428 Christianos
982 3361 1190 3452 appellabat.
1217 3369 1350 3438 Auctor

310 3467 458 3536 nominis
478 3467 551 3549 ejus
572 3466 754 3550 Christus,
790 3473 850 3558 qui
871 3473 1014 3540 Tiberio
1043 3477 1258 3566 imperitante
1286 3509 1349 3574 per

310 3594 569 3669 procuratorem
587 3579 746 3648 Pontium
760 3581 903 3652 Pilatum
916 3587 1089 3677 supplicio
1107 3589 1248 3660 affectus
1262 3617 1348 3666 erat.

313 3694 547 3780 Repressaque
569 3691 605 3758 in
625 3716 785 3786 praesens
806 3697 988 3767 exitiabilis
1016 3705 1216 3793 superstitio
1233 3697 1346 3779 rursus

315 3804 519 3890 erumpebat
545 3827 615 3869 non
642 3807 745 3874 modo
776 3834 838 3898 per
866 3812 1028 3882 Judaeum
1055 3816 1221 3903 originem
1247 3823 1346 3911 bujos

314 3915 415 3999 mali,
438 3915 498 3984 sed
511 3939 573 4007 per
590 3921 708 3990 orbem
727 3924 847 4008 etium,
872 3947 944 4012 quo
955 3942 1075 3994 cuncta
1090 3931 1244 4023 undiquc
1258 3947 1345 4005 'atro-
