2940 4780
603 401 619 487 (
663 389 724 468 us
762 387 781 494 ¹)

172 579 212 654 ln
235 597 350 654 nostra
372 583 516 678 epistola
536 597 744 658 occurrunt,
777 579 907 648 auctori
925 585 997 670 ejus
1020 577 1122 652 luisse
1143 588 1212 650 nei

173 715 253 768 ‘xum
280 699 426 794 aliquem
454 713 533 766 outn
561 696 685 765 Stoicis
706 710 744 763 et
768 693 910 764 Seneca.
953 695 1063 778 Multi
1081 709 1210 767 receti&

170 817 297 883 tiorum
315 814 531 896 existimant,
562 821 734 877 auctorem
753 822 909 877 nostrum
936 808 1088 878 Iudaeis
1111 811 1207 880 Ale-
1256 869 1262 878 ,

169 929 362 997 sandrinis
379 951 457 993 esse
479 938 693 1013 cognatum,
716 922 852 992 scholae
869 922 1121 994 Alerantlrinae
1137 923 1207 988 alri-

170 1065 290 1110 mnum
318 1058 353 1106 et
383 1039 567 1122 asseclam,
603 1040 765 1128 quoniam
792 1038 979 1105 nonnullae
1006 1035 1145 1125 phrases
1173 1053 1208 1104 et

168 1155 360 1222 sententiae
380 1155 418 1220 in
435 1170 550 1222 nostra
567 1153 708 1247 epistola
727 1168 931 1234 occurrant,
955 1176 1041 1242 quae
1055 1148 1208 1216 Philonis

158 1265 266 1336 ¹libris
287 1283 368 1334 sunt
389 1266 587 1358 peculiares.
634 1267 810 1334 Confiteor
831 1269 924 1333 inter
942 1265 1035 1334 locos
1053 1263 1207 1332 Philonis

166 1398 301 1449 nostrae
331 1377 495 1469 epistolae
523 1379 730 1476 parallelos,
769 1403 857 1469 quos
890 1378 1140 1448 Schulzius
1168 1379 1207 1446 ln

166 1494 359 1585 appendice
380 1492 424 1561 ad
441 1495 570 1561 librum
591 1496 725 1583 saepius
747 1493 924 1560 laudatum
944 1491 1096 1584 profert.
1121 1517 1210 1562 non·

157 1601 278 1675 'nullos
302 1626 372 1675 esse
393 1633 474 1677 vere
498 1605 703 1701 parallelos,
725 1605 785 1674 setl
802 1631 873 1674 non
888 1623 1026 1687 omnes,
1049 1633 1119 1676 non
1135 1607 1210 1701 ple·

160 1731 303 1816 'rosque
356 1723 561 1801 Acctsratius
588 1722 707 1789 citatos
726 1719 819 1789 locos
848 1719 1038 1790 secundum
1058 1735 1204 1790 contet-

165 1853 241 1922 tnm
253 1838 368 1926 legens
381 1838 513 1927 reperi,
536 1839 574 1904 in
592 1833 706 1904 multis
717 1853 838 1928 parum
853 1835 1108 1905 convenientiae
1129 1860 1208 1906 cutn

164 1967 283 2020 nostra
300 1949 444 2040 epistola
472 1969 556 2020 esse.
611 1949 681 2018 Sed
704 1950 950 2035 concedamus,
981 1973 1097 2018 omnes
1121 1952 1205 2020 istos

158 2061 254 2135 locos
274 2081 355 2135 r'ere
376 2062 556 2154 parallelos
576 2086 669 2147 esse,
683 2077 717 2134 et
735 2062 818 2130 inde
843 2088 968 2131 nexum
983 2060 1130 2155 aliquem
1148 2082 1207 2133 att·¹

163 2181 266 2250 cteris
281 2195 358 2247 cum
367 2178 511 2245 Philone
526 2176 690 2268 probaris
716 2183 794 2270 pari
810 2183 889 2268 jure
900 2181 1001 2247 etiam
1018 2179 1102 2246 milri
1120 2205 1204 2249 con-

160 2293 323 2378 cedetur,
356 2296 402 2363 ob
422 2293 530 2360 multo
554 2293 718 2379 majorem
745 2292 1022 2361 convenientiam
1041 2293 1205 2384 epistolae

61 2401 64 2406 ¹
157 2425 295 2480 nostrae
318 2433 396 2478 oum
419 2405 542 2476 Stoicis
569 2422 605 2472 et
631 2407 782 2490 Seneca,
813 2427 915 2500 quam
939 2405 1095 2477 docuisse
1114 2411 1207 2478 arhi-

160 2537 235 2589 tror
246 2571 257 2606 ,
269 2524 411 2618 ⁸auctori
429 2537 548 2588 nostro
570 2541 648 2586 cum
669 2521 793 2589 Stoicis
807 2538 842 2589 et
857 2525 988 2589 Seneca
1003 2546 1127 2590 nexum
1143 2523 1206 2592 ali·

161 2655 266 2724 quem
286 2633 410 2717 fuisse,
433 2635 635 2722 praesertim
654 2657 733 2702 cnm
750 2633 942 2701 secundum
960 2647 1069 2700 meam
1085 2634 1205 2728 hypo-f

161 2745 276 2813 'thesin
301 2747 366 2810 ista
396 2747 634 2814 convenientia
661 2765 797 2812 nostrae
823 2744 986 2834 epistolae
1012 2770 1090 2817 cum
1117 2771 1205 2818 non·-

159 2857 263 2928 nullis
276 2857 486 2926 Philonianis
498 2858 674 2928 commode
692 2857 861 2956 explicari
877 2861 1006 2948 possit,
1030 2863 1124 2952 qnod
1140 2865 1201 2932 in*
1286 2874 1288 2878 '

159 2973 214 3045 fra
236 2974 429 3042 docebitur·
808 2975 813 2982 '

162 3093 165 3101 “
206 3090 309 3156 Hune
329 3110 410 3155 vero
435 3111 558 3154 nexum
580 3083 674 3155 luter
693 3103 866 3156 auctorem
893 3102 1049 3156 nostrum
1076 3106 1111 3159 et
1135 3090 1205 3162 Se·

161 3199 280 3270 necam
308 3225 387 3270 eum
412 3226 485 3270 esse
511 3203 660 3292 potuisse
690 3201 885 3286 contendo,
921 3217 960 3268 ut
988 3203 1040 3272 vel
1069 3195 1203 3276 auctor

161 3306 312 3408 uterque
332 3344 375 3385 ex
388 3317 627 3404 eotlemfonte
645 3307 832 3397 hauserit,
855 3315 909 3386 vel
932 3321 1028 3386 alter
1045 3325 1200 3392 alteriue

161 3435 303 3521 sc‘rt‘pta
316 3432 477 3520 legerit,
500 3431 554 3498 vel
579 3436 698 3499 auctor
717 3450 830 3500 noster
849 3455 932 3501 cum
950 3433 1088 3504 Seneca
1110 3463 1201 3518 cone

159 3543 391 3614 'suetudinem
413 3545 586 3637 quandam
610 3546 780 3613 habuerit.
987 3553 991 3561 ”

204 3663 247 3728 Α.
276 3663 407 3732 Auctor
424 3678 541 3727 noster
560 3682 601 3726 ex
615 3661 738 3728 eedem
745 3657 951 3750 sontecum
965 3663 1102 3732 Seneca
1118 3665 1205 3732 hau·

158 3775 229 3841 'rire
245 3778 393 3860 potuit,
415 3791 541 3863 nempe
565 3798 583 3840 e
603 3773 722 3860 lonte,
755 3793 858 3869 quem
884 3771 980 3844 Zeno
1000 3781 1037 3846 in
1062 3783 1201 3872 porticu
1284 3756 1287 3762 ¹

160 3881 313 3976 aperuit,
329 3905 364 3954 et
385 3890 443 3978 qui
467 3883 509 3955 ab
532 3891 605 3976 ejus
628 3891 851 3958 sectatoribus
873 3887 936 3980 per
955 3886 1079 3960 multos
1097 3893 1197 3963 rivu-

158 3993 209 4068 los
230 3998 403 4067 derivatus
421 3996 516 4068 Pauli
534 4022 568 4072 et
584 4005 739 4072 Senecae
762 4000 973 4094 temporibus
998 4024 1105 4074 totum
1126 4009 1199 4077 fere
1227 4049 1230 4057 .

162 4111 306 4186 Romani
326 4117 465 4205 imperii
485 4111 867 4210 ambitumperragatut
883 4137 945 4191 est.
990 4123 1106 4191 Potuit
1121 4145 1202 4212 ergo
