2878 4758
546 336 565 424 t
606 329 670 400 22³
715 333 732 424 a

60 542 192 604 cens,
232 544 274 589 se
306 519 431 596 nihil,
456 517 550 610 quod
574 517 695 614 patriis
721 517 873 586 moribus
895 537 934 585 ac
953 515 1083 608 legibus
1108 537 1171 589 re*

57 617 250 722 pngne't,
279 633 356 703 sed
378 637 494 708 §setes
518 644 572 706 roi
600 637 747 721 Ἰσραὴλ,
769 633 808 700 in
836 634 917 700 Jesu
941 634 1167 722 completam,

60 770 330 837 proponere.
378 751 425 816 Et
446 773 651 842 quamquam
665 751 707 817 ab
722 747 822 815 initio
839 745 953 836 plures
965 748 1172 815 reniteban-

67 879 137 928 tur
168 866 400 950 (ἠπίστουν,
419 864 541 930 Actor.
554 865 728 942 XXVIII.
748 865 839 952 24);
861 859 964 928 multi
986 875 1099 928 tamen
1112 845 1173 927 di-
1229 855 1232 862 ⁴

69 979 149 1044 ctis
191 977 319 1044 Pauli
344 979 489 1067 obsequi
520 1003 591 1046 non
619 977 839 1046 dubitabant.
897 978 1047 1070 Quoque
1071 977 1175 1062 magis

72 1114 175 1156 rum
197 1091 457 1177 integritatem
480 1093 653 1182 animique
672 1095 858 1161 candorem
880 1109 915 1158 et
936 1115 1006 1160 non
1026 1089 1176 1158 fucatam

72 1227 175 1290 erga
206 1203 339 1271 Deum
362 1207 545 1295 pietatem.
576 1211 724 1296 quaein
749 1203 902 1300 apostolo
927 1205 1015 1290 fuit,
1044 1223 1180 1290 cogno·

73 1333 264 1402 rerunt,
293 1343 338 1388 eo
358 1320 474 1410 plures
494 1319 600 1388 Panlo
620 1320 736 1389 farere
756 1335 945 1408 coeperunt
967 1319 1044 1406 (4).
1087 1318 1178 1386 cum

79 1451 304 1524 praeterea
325 1434 509 1502 nonnullos
532 1421 574 1501 ex
592 1437 667 1524 ipsa
686 1433 790 1503 domo
814 1433 965 1501 Caesaris
985 1435 1059 1520 ejus
1079 1455 1180 1500 asse·
1283 1418 1286 1424 ¹

89 1547 173 1617 clas
188 1567 231 1618 et
248 1551 402 1632 amicos,
417 1571 484 1616 nec
506 1571 576 1616 non
600 1548 786 1629 Senecam,
804 1549 916 1616 virum
936 1547 1125 1616 bonoribus
1143 1562 1180 1616 et

91 1667 329 1734 auctoritate
350 1661 596 1752 conspicuum,
614 1661 754 1728 Paulum
767 1662 944 1730 interdum
962 1663 1126 1732 visentem
1142 1677 1180 1732 et

98 1805 194 1849 cum
216 1803 267 1848 eo
293 1773 548 1867 colloquentem
572 1773 731 1844 viderent
756 1792 792 1844 et
814 1773 995 1864 audiren't3
1020 1800 1092 1845 non
1107 1801 1180 1869 po·

99 1897 180 1963 tuit
205 1917 287 1961 non
306 1892 406 1969 fieri,
438 1907 478 1958 ut
499 1891 640 1956 Paulum
665 1892 839 1981 suspicere
867 1906 902 1958 ct
923 1891 1096 1959 honorare
1116 1893 1181 1958 in·

105 2010 299 2099 ciperent.
351 2007 439 2073 Cum
467 2026 574 2095 porro
592 2004 717 2072 Jndeei
743 2003 889 2073 Romani
916 2028 995 2074 cum
1014 2005 1183 2073 Hieroso·-

105 2119 302 2213 lymitanis
321 2115 469 2184 multum
491 2117 689 2186 commercii
705 2141 771 2206 per
795 2117 910 2186 literas
933 2135 968 2187 ct
989 2118 1129 2186 nuntios
1147 2131 1185 2184 et

109 2234 220 2301 ultro
245 2221 408 2322 citroque¹
420 2231 681 2323 proficiscentes
694 2232 878 2321 populares
897 2233 1094 2318 heberent3
1117 2231 1185 2300 hcc

116 2349 310 2418 occasione
330 2343 495 2412 benevole
520 2343 739 2434 deapostolo
756 2343 920 2414 Hebraeis
943 2347 1181 2436 scripserunt,

116 2480 158 2530 et
181 2464 262 2530 vice
290 2480 388 2530 versa
409 2457 515 2524 etiem
536 2458 579 2523 ab
603 2455 678 2541 his,
712 2459 751 2525 in
776 2461 897 2529 melius
925 2451 1076 2528 mutatos
1104 2485 1186 2550 erga

119 2575 276 2644 Paulum
302 2573 432 2640 animos
456 2593 527 2639 esse
548 2590 794 2661 compererunt
816 2590 851 2640 et
872 2573 983 2643 Paulo*
997 2569 1185 2642 renuntia-

120 2706 269 2759 verunt.
315 2687 483 2774 ductores
503 2683 645 2754 fortasse
670 2685 773 2752 etiam
786 2685 892 2753 Panlo
905 2685 1068 2770 fuerunt,
1087 2689 1184 2758 atad

123 2803 306 2872 Hebraeos
328 2801 521 2884 scriberet,
542 2816 580 2867 et
596 2800 633 2865 in
652 2797 838 2867 scribendo
863 2779 1072 2897 ergumentis'
1084 2803 1184 2886 eius-

126 2917 228 2986 modi
245 2929 418 2999 uteretur,
440 2901 532 3010 ¹quae
555 2901 684 2981 animos
705 2913 943 2981 Hebraeorum
972 2935 1044 2984 non
1068 2915 1183 2985 offen-

129 3031 278 3114 derent,
309 3049 366 3096 eos
390 3026 428 3093 in
453 3025 651 3094 confitenda
671 3028 835 3114 evangelii
860 3013 1019 3097 doctrine
1047 3031 1183 3101 confir-

129 3161 288 3228 marent,
299 3160 334 3209 et
351 3141 496 3209 Judaeos
507 3141 662 3208 nondum
681 3139 896 3226 Christianos
914 3143 958 3210 ad
975 3145 1185 3238 amplecten-

129 3262 213 3328 dam
241 3261 409 3346 majorum
441 3261 555 3329 denaba
588 3257 626 3323 in
659 3256 741 3322 Jesu
770 3241 979 3346 'completam
1002 3261 1185 3354 proniores

129 3375 333 3445 redderent.
379 3373 470 3440 Hinc
494 3387 730 3459 argumentum
749 3370 912 3459 epistolae
932 3373 981 3440 ita
1001 3397 1186 3468 compars-

133 3507 207 3557 tum
231 3502 364 3574 est,.ut
388 3475 427 3556 ea
447 3486 580 3572 absint,
603 3509 691 3581 qnae
713 3489 927 3580 consopitam
949 3489 1184 3558 Hebraeorum

170 3827 234 3897 (4)
251 3829 351 3891 Habuit
366 3835 446 3890 etiarn
462 3833 557 3889 Paulas
574 3833 672 3890 Rornae
682 3811 839 3908 corporate,
855 3845 1005 3908 sufflatos,
1021 3831 1187 3904 RomllVl,

68 3922 69 3926 ’
139 3931 168 3984 7,
189 3933 228 3972 11.
257 3919 334 3986 (etr.
352 3922 549 3979 bertholde
564 3925 749 4000 Einleitung,
768 3924 864 3990 Ul,
882 3921 987 3993 3281),
1005 3921 1050 3992 qui
1066 3918 1188 3978 benevolo

142 4017 200 4069 erga
218 4021 278 4058 enm
295 4019 381 4064 essem
397 4014 492 4071 anino.
