2940 4780
675 333 853 422 (1⁰6)

248 525 458 596 intrantem·
509 520 587 591 Non
608 518 709 602 licet,
738 519 816 609 plus
843 517 992 608 efferre,
1015 541 1116 609 quom
1140 517 1305 612 insule-¹

251 637 327 706 rice
349 635 458 707 intuto
474 633 576 716 etiope
595 657 636 702 ex
655 655 719 710 ec,
735 630 827 721 quod
848 633 885 698 in
904 631 1005 698 vitent
1024 631 1189 710 attulisti,
1205 656 1286 726 pers

249 775 373 840 magne
396 745 556 838 ponende
581 765 642 820 est.
695 744 902 815 Detrahetur
927 745 990 812 tibi
1014 744 1102 812 hoec
1132 747 1286 812 circum·

248 867 360 954 jectu,
383 861 598 934 novissimum
616 859 842 952 velamenturp
855 857 927 942 tui,
951 857 1058 937 cutis,
1080 858 1283 930 detrahetur

249 981 335 1048 citro
356 993 391 1048 et
409 975 575 1068 suffusus
604 976 757 1063 sanguis
786 971 1054 1066 discurrensque
1086 995 1152 1063 per
1178 989 1287 1050 totntn

251 1091 363 1183 (alpe
380 1093 433 1165 nal
452 1092 568 1178 σὰρξ).
589 1123 633 1139 -
653 1087 733 1156 Dies
751 1086 834 1171 iste,
856 1110 958 1179 quem
976 1105 1149 1178 tamquam
1168 1103 1288 1156 extre·

250 1230 346 1277 mum
362 1204 587 1284 relormides,
609 1203 740 1272 aeterni
763 1199 887 1272 natalis
905 1217 970 1271 ott.
1013 1205 1157 1294 Depone
1178 1224 1286 1292 onns3

253 1322 340 1416 quid
358 1319 550 1399 cuncteris,
573 1333 737 1410 tenqunm
757 1339 830 1384 non
849 1316 947 1408 prins
967 1340 1127 1410 quoque,
1148 1315 1291 1406 relicto,

253 1437 293 1505 in
312 1460 384 1530 que
402 1433 557 1516 latebas,
582 1455 727 1522 corporo
749 1430 883 1501 exieris.
927 1431 1054 1502 Haeret
1078 1448 1113 1501 et
1134 1432 1291 1508 relucte-

236 1543 321 1638 ἰἰις
345 1566 420 1618 tum
437 1571 574 1641 quoque
593 1569 715 1635 magno
734 1546 812 1614 nisu
826 1543 942 1616 ιιιιιιίι
956 1546 1116 1640 expulsus
1135 1571 1183 1616 es.
1214 1552 1289 1620 Ge·

253 1669 338 1750 mis,
360 1663 498 1755 plorare
522 1678 557 1729 et
579 1659 646 1730 hoc
664 1659 777 1752 ipsum
799 1660 883 1730 llere
906 1661 1077 1742 nascentis
1110 1679 1175 1732 est.
1217 1662 1289 1734 Sed
1315 1660 1320 1672 '

256 1797 340 1846 tunc
357 1778 508 1844 debebat
525 1776 680 1864 ignosci3
700 1773 797 1842 rudis
816 1792 851 1846 et
871 1777 1049 1867 imperitus
1062 1779 1212 1846 omnium
1230 1802 1294 1848 ve-

256 1917 384 1980 neres3
408 1915 450 1958 ex
471 1907 704 1959 maternorum
726 1891 896 1962 viscerum
921 1888 1032 1959 calido
1053 1891 1215 1984 mollique
1236 1892 1295 1963 so·

256 2022 376 2075 mento
395 2004 553 2071 emissum
574 2003 702 2071 efflavit
730 2027 812 2072 cure
830 2001 985 2078 liberior.
1029 2007 1164 2076 Deinde
1183 2007 1295 2083 offen·

258 2120 311 2188 dit
331 2118 437 2186 durae
460 2139 577 2203 mupus
602 2133 733 2202 tactur3
764 2132 865 2184 tener
893 2117 1008 2185 adhuc
1035 2135 1070 2188 et
1093 2120 1217 2196 nullius
1245 2123 1297 2196 rei

258 2255 383 2324 gnerus
403 2229 611 2318 obstupuisti
636 2229 727 2295 inter
746 2229 877 2318 ignote.
921 2233 1023 2302 Nunc
1052 2234 1115 2309 tibi
1138 2256 1210 2303 non
1228 2261 1296 2304 no-

258 2371 341 2430 tum
359 2362 433 2426 est,
453 2344 604 2435 separari
623 2343 665 2410 sb
685 2365 747 2428 eo,
770 2344 866 2430 cujus
885 2339 966 2414 ente
986 2372 1066 2438 pers
1087 2347 1201 2420 lucris.
1232 2355 1299 2418 Ae·

261 2485 332 2556 quo
353 2460 467 2528 animo
490 2457 640 2528 membre
663 2457 731 2543 jem
751 2479 960 2549 supervacue
980 2459 1114 2530 dimitte
1142 2479 1178 2532 ct
1206 2463 1298 2536 istud

263 2598 389 2667 corpus
407 2573 470 2641 diu
489 2570 717 2640 inhabitatum
740 2593 840 2658 pone.
882 2571 1090 2659 Scindetur,
1113 2577 1301 2661 obruetur,

265 2689 471 2760 abolebitur.
515 2683 608 2775 Quid
630 2683 865 2755 contristeris?
900 2686 953 2756 Ite
972 2686 1059 2758 solet
1081 2691 1167 2786 lieri³
1211 2693 1301 2760 Per·

263 2821 349 2878 eunt
371 2823 505 2895 semper
526 2799 712 2866 velamenta
734 2804 958 2871 nascentium.
988 2841 1033 2857 --
1067 2804 1211 2884 Veniet,
1243 2803 1303 2896 qui

265 2937 299 2996 te
317 2917 444 2996 revelet
469 2915 553 2982 dies.
598 2911 797 3004 Aliquando
813 2931 955 2985 naturae
979 2917 1042 2984 tibi
1060 2941 1184 2992 arcena
1207 2938 1300 2992 rete-

265 3051 410 3122 gentur,
444 3027 646 3096 discutietur
667 3025 727 3094 ille
755 3026 862 3118 caligo
888 3045 923 3098 et
948 3028 1008 3104 lux
1027 3031 1183 3132 undique
1211 3034 1305 3103 clarc

266 3145 463 3242 percutiet.
480 3175 523 3194 -
558 3139 699 3208 Tunc
688 3163 726 3208 tn
747 3137 935 3230 tenebris
933 3148 1056 3220 vixisse
1080 3137 1197 3238 dices,
1229 3173 1304 3258 curu

269 3276 376 3334 tutem
398 3255 512 3323 lucem
530 3252 750 3341 adspexerit,
768 3248 879 3347 quem
904 3283 998 3332 nunc
1019 3287 1083 3354 per
1104 3261 1302 3356 angustissi-

269 3395 340 3448 mas
360 3366 534 3446 oculorum
553 3367 623 3434 vies
645 3367 789 3446 obscure
809 3366 975 3466 intueris,
991 3391 1034 3466 et
1054 3394 1166 3447 temen
1190 3376 1301 3452 admi-

269 3486 355 3564 reris
382 3501 451 3550 tem
478 3479 613 3572 procul.
668 3480 766 3570 Quid
795 3483 859 3550 tibi
885 3485 1059 3559 videbitur
1081 3487 1197 3562 divine
1224 3490 1304 3578 lux,

273 3625 350 3674 cum
365 3594 457 3664 illem
474 3619 535 3664 suo
552 3594 629 3663 loco
650 3593 803 3668 viderint
832 3601 924 3667 Haeo
946 3605 1103 3691 cogitatio
1121 3606 1209 3676 nihil
1226 3631 1304 3676 sor-

272 3717 411 3787 didum
416 3711 529 3778 enimc
551 3705 728 3776 subsidere
755 3709 861 3800 sinit3
897 3715 983 3783 Deos
1011 3722 1165 3790 omnium
1190 3739 1306 3792 rerunt

275 3851 377 3904 testes
394 3851 464 3899 esse
489 3823 557 3908 eit,
587 3822 685 3891 illis
676 3849 713 3891 ru
735 3843 912 3895 aeternum
932 3833 1046 3950 parari
1068 3834 1167 3954 jubet
1191 3854 1226 3903 et
1247 3847 1316 3902 aev'

277 3948 470 4020 territetem
492 3939 732 4028 proponere’'

318 4057 394 4126 Non
417 4052 608 4144 poenitebit
627 4051 813 4127 tectorem,
840 4051 937 4128 hunc.
953 4051 1100 4131 Senecae
1119 4027 1230 4134 locutu
1248 4082 1307 4130 ιι·
1397 4145 1400 4151 Δ
