2878 4758
575 375 762 471 (ιιι)

119 565 254 650 dem,
288 563 350 631 sed
387 559 482 670 nulio
514 557 617 626 modo
655 561 768 626 lancae
805 561 1052 626 accommodata
1086 541 1178 630 sn'n't.

175 683 216 749 ὀ.
234 678 362 770 ‘Neque
380 693 449 742 tam
466 671 583 737 arctis
597 694 678 736 cum
693 671 1181 744 ChristianiaPclceatt'nen·

79 787 85 791 ’
120 792 248 862 'sibus
269 790 456 856 amicitiae
474 781 632 850 vinculis
647 807 760 848 nexus
778 797 860 850 erat
871 784 1014 866 Lacone,
1030 803 1067 852 ut
1082 787 1183 854 dice-

129 927 188 978 re,
202 916 341 993 possete
377 927 394 970 (ι
415 895 604 963 precamini
623 917 687 982 pro
711 919 786 980 me,
809 911 847 960 ut
867 894 961 962 vohis
985 899 1184 967 restituar.’'

130 1013 276 1094 Multi,
299 1029 461 1101 utsupra
488 1011 623 1092 monui,
646 1023 790 1098 putant,
814 1031 857 1074 ne
878 1006 1020 1073 Paulum
1042 1011 1182 1099 quidem

133 1125 194 1190 ita
231 1122 381 1189 scribere
406 1121 555 1210 potuisse
583 1109 626 1188 ad
657 1121 868 1186 Christianos
894 1119 1182 1209 Palaestinenses3

136 1250 280 1326 quanto
306 1235 419 1300 minus
446 1236 578 1316 Lucas,
609 1233 669 1323 qni
692 1232 832 1299 minoris
861 1232 976 1298 adhuc
1001 1235 1126 1316 gratiae
1155 1251 1189 1301 et

142 1341 381 1428 auctoritatis,
402 1343 533 1438 qnippe
546 1342 736 1433 discipulus
753 1361 787 1410 et
806 1341 930 1410 assecla
952 1345 1069 1425 Pauli,
1094 1347 1187 1438 apud

143 1479 210 1526 eos
227 1457 314 1540 fuit,
334 1456 383 1523 ita
397 1457 548 1524 seribere
564 1457 700 1546 potuit!
738 1456 929 1524 Provoeant
946 1455 1087 1544 quidem
1104 1483 1189 1526 non·

141 1563 239 1635 nulli
259 1565 303 1634 ad
327 1565 440 1636 Iocum
470 1569 585 1637 2Cor.
606 1567 707 1649 VIII,
730 1567 787 1645 18,
811 1589 850 1654 19
863 1587 878 1648 ,'
904 1567 941 1630 in
967 1590 1037 1655 quo
1065 1567 1190 1636 Paulus

146 1682 350 1751 Corinthios
377 1682 421 1748 ad
446 1682 686 1752 liberalitatem
714 1699 795 1762 erge
816 1694 949 1744 coetum
968 1682 1189 1752 Christiano·

145 1815 230 1860 rum
240 1793 581 1884 Hierosolymitauum
597 1773 820 1871 adhortatur,
834 1806 869 1854 et
881 1790 1090 1860 mentionem
1109 1794 1193 1862 facit

145 1912 291 1996 ἀδελφοῦ
309 1907 345 1978 οὗ
365 1912 380 1977 ὃ
399 1909 521 1983 ἔπαινος
543 1909 576 1976 ἐν
592 1909 635 1992 τῷ
657 1906 835 1990 εὐαγγελίῳ
854 1906 905 1974 διὰ
923 1911 1031 1972 resen
1050 1913 1109 1974 scir
1130 1910 1189 1974 ἐκ·

149 2027 303 2100 κλισιῶν,
327 2042 429 2107 quem
449 2039 617 2085 unacum
642 2017 723 2084 Tito
754 2015 853 2101 stipis
878 2013 1068 2100 erogandae
1094 2041 1194 2084 eausa

145 2129 194 2198 ad
216 2131 415 2200 Corinthios
440 2130 596 2201 misisset.
640 2131 743 2196 Hunc
774 2129 913 2214 ἀδελφὸν
942 2147 1068 2216 putant
1089 2131 1194 2199 fuisse

150 2245 303 2326 Lucam,
329 2260 364 2309 et
389 2242 478 2329 stipe
496 2222 666 2327 eroganda
682 2239 719 2304 in
737 2260 836 2302 usum
858 2254 972 2305 coetus
991 2242 1191 2333 Hierosoly-

151 2352 273 2420 mitani
287 2351 414 2445 optime
436 2350 481 2415 de
500 2353 662 2419 Hebraeis
686 2348 849 2416 meritum
873 2347 1022 2441 ideoque
1042 2356 1083 2422 iis
1102 2381 1188 2448 per-

152 2485 270 2532 carum
284 2461 398 2530 fnisse.
443 2461 516 2552 Seri
532 2465 730 2552 quaeritur,
754 2487 837 2530 uum
854 2462 912 2528 hie
932 2469 1070 2554 ἀδελφὸς
1087 2469 1193 2538 fuerit

151 2578 273 2646 Lucas.
295 2577 363 2645 Vix
378 2571 474 2641 credi
489 2587 628 2664 potest,
651 2595 730 2640 cum
742 2574 864 2638 Paulus
882 2579 1001 2642 Titum
1018 2583 1190 2664 nominet,

152 2689 302 2772 Lucam,
322 2685 486 2754 maximae
510 2686 720 2772 auctoritatis
738 2684 915 2754 doctorem
933 2687 1188 2765 Christianum,

152 2801 316 2886 nunejus
334 2798 491 2881 nomine,
513 2797 575 2864 sed
597 2796 801 2887 simpliciter
820 2807 872 2873 τὸν
894 2804 1032 2887 ἀδελφὸν
1050 2826 1068 2866 a
1086 2803 1191 2870 Paulo

153 2909 362 3000 appellatum
390 2934 473 2980 esse.
493 2964 495 2969 -
516 2914 606 2980 Hinc
628 2912 731 2978 etiam
757 2913 959 3004 discrepant
983 2915 1190 3002 interpretes

152 3023 256 3109 hujus
272 3021 340 3094 ioci
355 3023 393 3090 in
412 3022 633 3113 definiendo,
654 3025 729 3114 quis
746 3025 850 3092 fuerit
866 3027 929 3092 iste
943 3030 1092 3114 ἀδελφός.
1116 3030 1189 3097 Cir.

153 3135 367 3204 Moaheim
388 3137 603 3224 Erkla'a'rung
626 3137 690 3204 des
710 3152 867 3227 zweyten
888 3141 1033 3228 Briefes
1054 3165 1101 3208 un
1128 3143 1190 3208 die

149 3248 392 3327 Kerinthier,
416 3271 453 3338 p·
466 3249 542 3318 440.
1025 3337 1027 3342 ι

193 3383 226 3428 c.
249 3361 357 3428 Porro
381 3379 452 3426 non
474 3374 600 3428 tentae
624 3365 861 3433 auctoritatis
881 3390 958 3436 ease
979 3371 1092 3457 potuit
1113 3370 1188 3440 Lu-

154 3494 229 3556 cas,
252 3487 291 3538 ut
308 3494 369 3538 sno
385 3473 522 3540 nomine
539 3475 758 3546 Timotheum
774 3479 817 3546 ad
838 3477 998 3554 mandata
1021 3479 1189 3570 quaedam

154 3569 278 3652 exteris
306 3583 507 3652 Christianis
540 3588 744 3677 perferenda
776 3591 913 3655 mittere
944 3608 1057 3680 posset
1072 3619 1084 3676 3
1122 3593 1186 3659 esr-

154 3691 261 3765 Hehr.
278 3699 383 3776 XIII,
401 3699 461 3766 ‘230
504 3696 597 3764 Haec
616 3700 729 3767 missio
748 3701 920 3766 Timothei
942 3704 1056 3791 potius
1076 3703 1120 3768 ad
1141 3704 1188 3771 vi·

113 3815 115 3820 ’
155 3825 232 3870 rum
253 3809 435 3892 apostolica
454 3812 652 3877 auctoritate
667 3809 867 3898 gaudentem
888 3803 1071 3880 referenda
1089 3833 1151 3886 est.

198 3915 233 3985 d·
261 3917 390 4003 Portu,
413 3922 443 3988 si
470 3924 599 4005 Lucas,
623 3924 824 4014 parentibus
848 3924 1031 4008 gentilibus
1059 3948 1181 4014 natus,

153 4044 271 4096 auctor
292 4030 451 4118 epistolae
471 4051 578 4113 esset,
602 4058 672 4124 quo
696 4033 831 4103 tandem
856 4040 959 4108 modo
980 4043 1078 4114 initio
1103 4049 1184 4134 epi-
