2878 4758
719 381 898 474 (¹⁸⁶)

296 571 536 661 scriptionibus
558 568 775 652 epistolarum
796 568 838 634 N.
855 569 900 636 T.
925 568 1074 635 tribuere
1097 567 1209 636 solent
1239 579 1373 647 eom!

295 701 499 752 mentatores
520 684 562 750 Ν.
587 681 633 746 Τ.
676 682 752 749 Non
777 698 888 749 nmen
910 682 1087 748 verisimile
1112 699 1181 761 est,
1203 701 1367 751 anetae

296 823 372 868 rem
395 814 527 864 nostrae
550 793 712 886 epistolae
734 796 807 860 sine
830 792 928 862 titulo
947 810 982 861 ct
1007 797 1240 889 inscriptione
1268 817 1366 864 eam

298 911 486 988 dimisisse,
519 931 632 998 neque
666 909 857 975 accuratius
886 931 965 994 eos,
995 908 1038 976 ad
1070 932 1155 1004 quos
1185 910 1364 1000 epistola

297 1021 462 1091 mittenda
480 1039 585 1103 esset,
596 1020 785 1108 designasse
802 1023 862 1106 (Ι).
881 1023 956 1090 Jam
972 1026 1166 1114 quaeritur,
1183 1023 1363 1113 quinam

299 1142 375 1207 sint
396 1139 438 1204 1ιί
460 1136 645 1213 Hebraei,
669 1155 754 1226 quos
777 1136 930 1204 nominat
958 1138 1088 1208 titulus.
1132 1137 1361 1206 Secundum
1394 1190 1399 1201 .

297 1249 461 1342 loquendi
488 1235 767 1317 censeatadinem
792 1250 883 1317 inter
905 1251 1133 1334 Christianos,
1157 1274 1248 1342 quae
1271 1251 1360 1340 pri.
1387 1238 1395 1345 i

299 1391 356 1434 nro
380 1363 513 1433 saecnio
542 1379 577 1428 et
607 1361 713 1428 serius
740 1363 909 1448 obtinuit,
946 1363 1096 1432 Hebraei
1122 1366 1355 1433 vocabantur·

302 1481 509 1551 Christiani
536 1479 837 1546 Palaestinenses.
890 1479 970 1545 Act.
1001 1479 1074 1563 Vi,
1107 1501 1139 1546 ι.
1171 1479 1354 1564 legantur

183 1583 188 1596 ’
299 1598 406 1662 baect
440 1596 496 1665 'Es
515 1595 547 1664 ii
564 1593 947 1681 ratesponensem,
964 1591 1170 1673 πλιδιιιδιιτωι
1186 1602 1248 1665 τῶν
1263 1619 1350 1677 μα·-

301 1718 419 1794 Oasis,
438 1711 559 1791 ἐγένετο
582 1713 766 1792 γογγυσμὸς
786 1718 846 1780 τῶν
863 1714 1068 1788 Ἑλληνιστῶν
1087 1709 1161 1794 spis
1182 1712 1262 1804 scis⁸
1278 1713 1322 1778 ‘E
1334 1739 1348 1760 ·

299 1831 448 1915 βιαίους,
478 1823 525 1893 irs
555 1827 790 1911 παρεθεωροῦντο
818 1829 850 1894 ἐι
872 1835 910 1909 τῇ
932 1823 1068 1910 διακονίᾳ
1093 1834 1132 1906 τῇ
1156 1825 1346 1910 καθημερινῇ

301 1950 336 2016 oi
349 1951 444 2030 χῆραι
463 1929 574 2022 ciria
607 1938 672 2006 Hic
691 1936 895 2005 Helleniatae
911 1947 1137 2026 opponuntur
1151 1935 1344 2020 Hebraeis,

301 2059 369 2125 hoc
383 2076 507 2126 sensu.
529 2069 568 2116 nt
590 2049 641 2116 iili
659 2050 728 2117 sint
746 2047 935 2116 Christiani
960 2070 1001 2116 ex
1019 2045 1154 2115 iudaeis
1175 2073 1245 2120 non
1270 2051 1338 2118 Pa.

302 2169 538 2248 laestinensea,
560 2187 601 2231 ex
628 2162 817 2260 peregrinis
837 2160 1032 2248 regionibus
1056 2161 1194 2229 oriundi
1213 2177 1247 2228 et
1271 2162 1342 2230 dia·

304 2285 394 2354 lecto
414 2283 544 2351 Graeca
562 2279 613 2344 nti
634 2275 745 2358 soliti,
768 2290 802 2342 et
821 2273 859 2341 hi
878 2273 1062 2342 Christiani
1077 2274 1341 2344 Palaestinenses

303 2400 510 2485 indigenae,
532 2391 678 2459 dialecto
705 2387 872 2458 Hebraico
894 2385 946 2456 vel
973 2388 1167 2457 Aramaeica
1195 2405 1340 2456 utentes.

305 2513 399 2583 Hinc
424 2509 526 2580 etiam
551 2506 777 2593 evangelium,
800 2521 869 2596 quo
885 2501 1337 2572 PalaestinenseaChristia-
1396 2500 1400 2521 ¹

306 2628 345 2696 ni
375 2625 580 2705 utebantur,
613 2620 822 2708 evangelium
851 2611 1041 2684 secundum
1070 2616 1238 2684 Hebraeos
1265 2640 1335 2684 no·
1404 2669 1405 2707 3

305 2744 471 2814 minatum
489 2751 552 2804 est.
594 2736 715 2827 Neque
740 2736 852 2801 obstat
873 2731 962 2800 Phila
978 2729 1045 2814 111,
1068 2735 1109 2809 5.
1131 2730 1193 2796 nbi
1217 2731 1337 2798 Paulus
1404 2717 1405 2720 ¹

198 2929 200 2934 .
304 2859 409 2930 Tarsi
436 2870 535 2922 natus
561 2872 596 2918 se
622 2865 721 2916 vocat
753 2849 945 2916 Hebraeum
972 2867 1014 2912 ex
1044 2845 1217 2912 Hebraeis.
1258 2847 1336 2912 Non
1399 2872 1403 2887 ·

306 2973 399 3042 enim
420 2963 747 3054 negatur,1udaeos
770 2985 810 3030 er
840 2958 991 3026 Iudaicis
1018 2959 1219 3048 parentibus
1240 2975 1333 3025 natos

299 3083 420 3154 ¹vocari
444 3101 542 3172 posse
572 3077 762 3157 Hebraeos,
784 3074 846 3142 sed
880 3071 1099 3141 contenditur
1119 3095 1188 3140 non
1211 3071 1245 3138 in
1272 3096 1335 3138 nsa

259 3261 261 3266 ,
307 3199 429 3276 fuisse,
461 3209 500 3258 ut
529 3189 716 3259 Christiani
749 3210 791 3254 ex
825 3183 961 3253 Iudaeis
990 3205 1085 3256 extra
1118 3186 1335 3255 Palaestinam

212 3341 213 3346 ¹
307 3312 380 3380 nati
404 3303 550 3376 Hebraei
576 3304 686 3369 vocati
713 3301 793 3368 sint.
838 3297 912 3368 Hoc
941 3323 1040 3368 senen
1070 3301 1217 3368 Hebraei
1238 3301 1336 3368 etiam

308 3420 525 3494 dicunturab
541 3417 683 3484 Irenaeo
703 3414 782 3482 adv.
805 3414 906 3482 Haer.
923 3415 997 3499 ΙΙΙ,
1017 3439 1055 3499 ι,
1078 3415 1137 3480 uhi
1152 3414 1338 3482 Matthaeus

325 3595 527 3621 Μ

342 3707 401 3784 (4)
418 3699 571 3778 Opinionem
589 3695 732 3772 Berseri
742 3744 753 3773 ,
767 3693 902 3774 epistolam
921 3713 1035 3760 nostram
1054 3689 1132 3756 icisse
1148 3687 1180 3754 ab
1201 3693 1270 3754 initio
1288 3701 1337 3756 ho.

309 3795 426 3866 militm,
437 3805 464 3850 et
476 3805 491 3847 t
504 3793 598 3848 seriori
606 3792 716 3862 quodam
733 3792 837 3848 doctore
854 3791 1003 3848 Christiano
1018 3789 1123 3844 ultimos
1140 3803 1224 3846 sersus
1235 3806 1262 3842 eo
1275 3799 1337 3842 eon-

310 3889 369 3943 silio
386 3883 486 3938 additos
504 3898 577 3949 esse,
593 3891 622 3934 nt
638 3881 748 3948 speeiem
767 3879 889 3950 epistolae
905 3881 1094 3932 nancisceretur
1112 3878 1180 3950 (eir.
1197 3877 1336 3944 Bergeri

309 3971 478 4028 scordiscos
495 3969 661 4040 Eiuleitung
677 3969 720 4019 ins
737 3969 774 4021 N.
796 3971 827 4024 T.
846 3967 876 4024 T.
891 3965 950 4030 ΙΙΙ,
969 3983 994 4034 p.
1013 3965 1074 4021 442.
1094 3975 1121 4018 et
1138 3962 1252 4017 libellas:
1277 3968 1335 4016 Der

309 4057 395 4129 Brief
405 4077 442 4110 on
458 4058 503 4109 die
518 4054 645 4108 Hebron
665 4049 725 4106 eine
740 4051 879 4116 Hersilie,
896 4055 926 4104 in
943 4055 991 4105 der
1010 4047 1135 4122 doering.
1156 4045 1243 4104 Theoi.
1263 4043 1337 4110 Hibl,

310 4147 341 4205 T.
359 4144 409 4202 ΙΙΙ.
436 4143 467 4201 tt.
481 4133 525 4213 5.)
545 4141 632 4196 multia
649 4137 772 4195 refutarit
790 4133 976 4194 rert‘haldt
992 4138 1010 4196 Ι.
1028 4137 1096 4216 1.,1).
1113 4137 1179 4208 aiod
1195 4148 1218 4189 tt
1232 4150 1280 4206 sqq.
