2928 4754
524 281 789 377 ,(5ο)

201 471 348 542 Senecae
365 462 578 563 explicantur
588 519 599 548 ‚
611 461 665 538 cei
682 487 747 560 pur
765 463 897 544 thuein.
909 459 964 536 rel
978 483 1043 560 per
1063 462 1220 538 mucha-

91 559 99 574 *
200 583 254 652 cn
276 583 409 652 nuuc
438 595 440 602 ¹
770 631 774 647 .

246 697 391 774 Tertio.
413 695 506 786 quod
525 681 702 764 interdum
720 691 841 764 iitdetn
863 691 996 774 veniit,
1018 693 1144 782 quibua
1164 693 1224 764 Su·

199 834 284 878 ncca
305 809 429 902 aliique
451 809 558 878 Stoici
576 808 717 878 decreta
739 828 797 874 cua
818 821 936 876 notare
955 803 1086 893 colent,
1116 806 1169 878 vul
1186 809 1223 878 in

195 923 316 994 eadem
337 923 391 994 vel
411 923 449 992 in
468 923 531 991 alia
552 946 590 992 re
610 921 841 990 describenda
861 921 981 990 utitur.

239 1039 308 1108 Hac
324 1039 407 1106 duaa
425 1053 539 1129 partae
557 1033 769 1124 conjunctim
782 1033 974 1104 recondunt
985 1031 1143 1104 ordinem
1157 1058 1219 1104 ca·

193 1153 307 1243 piton
333 1170 370 1222 et
394 1174 554 1224 uranum
585 1147 748 1242 epistolae
771 1145 817 1215 ad
847 1146 1021 1216 Hebraeos
1057 1149 1221 1219 tractabo.

193 1263 387 1357 Utrumque
419 1268 512 1335 enim
533 1265 666 1359 aacpiut
686 1276 738 1332 est
767 1276 861 1330 arcte
891 1263 1134 1350 conjunctum,
1154 1287 1221 1334 nac

194 1405 267 1450 non
293 1381 341 1449 ita
368 1379 471 1449 lectio
490 1397 528 1448 at
549 1375 752 1466 dijudicatio
775 1396 926 1444 mearum
947 1376 1219 1466 observationum

191 1497 316 1565 lectori
336 1494 493 1564 ordinem
517 1507 627 1562 textor
647 1487 804 1582 sequenti
825 1488 1020 1582 expeditior
1038 1491 1217 1562 reddetur.

191 1613 225 1682 Α
246 1610 358 1702 capite
381 1627 490 1702 neque
519 1606 565 1676 ad
589 1604 719 1676 calcem
747 1604 852 1692 igitur
877 1603 1058 1696 epistolam
1083 1604 1127 1674 ad
1151 1605 1219 1674 Hc·

190 1725 310 1795 bracca
326 1747 549 1816 percurram.
575 1738 632 1802 ct,
649 1739 737 1812 qnae
755 1718 800 1786 ed
819 1740 917 1802 ram,
936 1742 1041 1814 quarn
1060 1716 1217 1812 proban·

192 1837 273 1908 dant
292 1839 450 1930 concepi,
470 1837 595 1908 idonea
614 1851 716 1913 cunt.
739 1831 921 1920 diligenter
939 1834 1170 1927 pertractabo.

139 2069 144 2080 ·
256 2129 259 2142 Ι
309 2057 430 2144 caput
447 2055 613 2144 primum
632 2049 825 2142 Epiatoloe
846 2052 898 2122 ud
917 2049 1117 2128 Hebraeae.

231 2257 306 2324 iam
326 2255 432 2323 verbe
452 2251 563 2346 prima
584 2249 688 2340 hujue
709 2251 831 2347 capitit
858 2219 1043 2340 πολυμερῶς.
1055 2254 1107 2328 καὶ
1124 2271 1218 2326 cotv-

194 2371 328 2458 ptrue,
357 2365 481 2458 quibua
502 2382 621 2434 auctor
645 2366 754 2434 variat
777 2366 842 2434 Dei
861 2365 1083 2434 revelationes
1104 2368 1216 2454 majo·

190 2482 286 2550 ribnc
304 2480 410 2548 factet
429 2476 609 2566 designet,
631 2480 723 2566 ἅπαξ
742 2481 901 2566 λεγόμενα
916 2478 955 2546 in
970 2477 1014 2547 N·
1037 2481 1083 2550 Τ.
1104 2503 1216 2572 neqnc

186 2595 226 2666 in
257 2592 409 2662 Philonia
441 2592 581 2680 scriptio
617 2593 832 2682 conjunctim
864 2591 1080 2661 occurrentia
1111 2594 1216 2682 (7),

186 2707 419 2793 (Wctuteniua
445 2703 539 2775 c'erte
567 2703 700 2776 nullum
726 2704 841 2776 locum
863 2731 883 2777 c
905 2704 1058 2776 Philonia
1078 2707 1217 2798 scriptio

185 2819 350 2914 protulit,
373 2843 476 2914 quem
500 2819 677 2916 proiecto,
707 2820 735 2888 ci
753 2836 904 2904 extaret,
931 2843 1214 2911 promeruere,

187 2953 324 3010 ncttree
345 2932 506 3027 epittolae
531 2933 624 3004 dictu
649 2957 726 3002 oum
750 2932 963 3004 Philoniania
990 2934 1215 3022 conserendi,

186 3047 382 3140 prolaturae
404 3047 547 3136 suisset)
569 3071 663 3116 mene
684 3048 873 3115 sententiae
896 3046 1069 3136 suffragari
1086 3048 1212 3118 viden·

157 3141 159 3152 Ι
186 3179 256 3232 tur.
306 3159 412 3228 Stoici
433 3161 526 3226 cuim
550 3159 601 3226 hia
620 3159 759 3229 vocibus
781 3175 945 3247 utuntur,
975 3185 1052 3231 cum
1076 3161 1119 3230 de
1139 3189 1216 3232 mc·

184 3275 282 3347 teria
294 3269 466 3359 'etformo
487 3295 602 3341 rerum
621 3290 811 3341 creatarum
831 3276 940 3344 verba
958 3274 1100 3348 iaciunt.
1121 3277 1214 3346 Tea·

184 3389 228 3458 tia
251 3399 302 3456 eat
329 3383 451 3454 Sextus
481 3385 673 3474 Empiricos
699 3383 776 3456 adv.
798 3387 901 3480 Phys.
929 3387 993 3457 lib.
1016 3390 1057 3469 1,
1081 3413 1111 3463 a.
1132 3416 1215 3482 119,

181 3529 221 3602 p·
235 3503 322 3591 578,
344 3496 405 3590 qni
427 3498 559 3569 Stoicos
583 3499 630 3567 ita
648 3498 824 3589 diapntare
844 3501 948 3572 dicite
973 3509 1028 3576 Ἐν
1044 3509 1137 3578 unici
1153 3535 1218 3580 co·

192 3679 364 3703 ..ι-ι·-

216 3787 274 3860 (7)
299 3783 450 3842 Kninoel
468 3797 554 3856 errat,
577 3785 600 3841 ti
617 3786 644 3840 in
662 3787 760 3845 Coum
777 3785 810 3841 ati
824 3785 852 3844 h.
869 3786 953 3841 locum
968 3797 1058 3861 nutat,
1080 3791 1107 3845 in
1121 3791 1217 3848 Philo.

182 3873 224 3927 nic
237 3872 303 3927 libro
322 3872 442 3928 niterent
459 3871 577 3926 flaccum
595 3891 619 3945 p.
635 3879 700 3948 974,
718 3875 764 3930 hac
781 3873 844 3928 duae
857 3889 931 3929 coece
947 3875 1107 3950 πολυμερῶς
1121 3891 1147 3934 et
1160 3897 1217 3935 m·

182 3957 320 4031 impium
335 3959 491 4029 coniunctim
508 3960 627 4033 reperiri.
