2928 4754
630 367 800 460 (⁶²)

510 563 512 570 Ι
544 557 665 676 Caput
710 589 915 658 nectendum.

247 784 286 856 ln
316 750 457 859 versu-5
493 810 558 858 vox
589 791 744 875 olnvptm
776 793 962 876 μέλλουσι,
998 817 1097 884 qnam
1126 811 1247 866 ..rotor

202 923 275 971 non
297 901 445 989 angelis,
466 897 527 967 sed
550 899 694 967 Messian
722 901 912 988 subjectam
935 925 1007 970 csso
1027 931 1045 970 n
1066 907 1137 972 Deo
1154 933 1245 976 con..

201 1016 344 1098 tendit,
374 1029 412 1082 et
440 1031 528 1102 qnae
553 1007 652 1099 vulgo
680 1011 726 1079 de
753 1035 835 1082 sevo
859 1015 1029 1082 Messirno
1048 1021 1130 1132 8Ξῇ
1150 991 1245 1135 &259

205 1137 422 1246 explicetur,
458 1153 669 1222 occasionem
697 1157 914 1244 suppeditat,
949 1157 1050 1250 plnrn
1076 1156 1246 1246 addendi,

206 1269 252 1337 ad
271 1292 334 1354 ea,
357 1289 443 1360 quae
455 1265 493 1332 in
507 1265 578 1332 fine
589 1265 835 1354 praecedentis
850 1271 970 1364 capitis
990 1269 1083 1351 dixi,
1105 1285 1140 1336 et
1162 1295 1248 1362 queo

203 1380 294 1463 dixi,
325 1376 584 1474 comprobandi.
635 1379 929 1449 Bertboldt
918 1406 956 1449 tn
999 1385 1244 1478 christologr'n

200 1495 427 1563 Judaeorum
442 1507 509 1558 etc.
531 1515 569 1582 p.
558 1492 643 1561 .58.
672 1511 771 1559 voces
803 1497 1018 1581 tribualiter
1039 1507 1244 1592 etrirooptlrn

201 1611 365 1696 μέλλουσα
392 1629 459 1698 pro
486 1601 681 1697 synonpinis
709 1603 836 1688 habet,
859 1625 894 1675 et
917 1627 1101 1704 utramque
1122 1641 1242 1688 vocem

203 1720 417 1814 respondere
442 1717 636 1786 Rabbinico
663 1719 748 1834 ΝᾈΠ
777 1689 874 1836 hilii>
902 1725 1100 1812 contendit,
1132 1729 1241 1822 idque

198 1865 331 1934 faciunt
354 1858 411 1929 alii
430 1858 532 1926 etiam
552 1855 597 1927 Ν.
618 1845 664 1928 Tr
678 1861 906 1951 interpretes,
930 1867 1074 1937 nimintn
1092 1871 1240 1945 Telmu-

197 1979 288 2046 dicis
308 1975 445 2070 scriptis
463 1973 502 2038 in
519 1972 786 2065 interpretando
805 1975 850 2042 N.
870 1979 915 2044 Τ.
939 1980 1139 2051 tribuentes.
1171 1989 1239 2056 Ne.

194 2092 268 2182 gari
288 2088 431 2182 nequit,
451 2087 570 2155 lesum
590 2103 625 2154 et
640 2086 846 2180 Apostolos,
868 2112 946 2160 curn
966 2093 989 2161 J
991 2094 1090 2164 udaei
1108 2095 1240 2172 suerint

196 2226 233 2276 et
254 2208 347 2274 inter
366 2201 513 2290 ludaeos
532 2198 705 2286 riserint,
735 2225 807 2272 non
832 2197 962 2276 alienor
987 2205 1088 2281 fuisse
1109 2208 1153 2282 ab
1180 2215 1235 2286 bis

195 2315 365 2414 loquendi
386 2313 561 2401 formulis,
586 2315 712 2408 quibus
732 2315 964 2390 Telmndistee
977 2311 1015 2392 et
1026 2321 1235 2400 Jndaeorutn

195 2435 387 2506 doctores·
377 2456 415 2499 m
436 2429 576 2526 scriptis
591 2429 660 2498 stris
681 2429 733 2499 usi
754 2448 856 2511 sunt,
879 2451 916 2501 et
929 2433 1012 2505 binc
1032 2442 1138 2510 multa
1156 2443 1233 2516 loct

193 2549 239 2617 N.
253 2553 302 2616 T.
322 2541 486 2613 illustrari
506 2568 617 2638 posse.
650 2543 721 2614 sed
737 2543 864 2614 multi
853 2573 890 2616 ιιι
904 2553 1231 2668 eonirniifuernnt‚

198 2677 235 2730 et
262 2651 458 2726 lectitandis
493 2655 783 2730 Telmndisterunr
810 2659 1030 2752 pandectis
1020 2659 1168 2738 immersi
1193 2690 1229 2744 et

195 2769 311 2842 studio
329 2794 372 2837 ex
389 2769 430 2836 iis
447 2769 492 2837 N.
507 2771 554 2836 Τ.
576 2773 831 2860 interpretandi
841 2775 999 2866 abrepti,
1019 2782 1145 2874 nbiqnc
1165 2811 1227 2856 ve·

193 2885 291 2974 stigio
309 2878 520 2952 Rnbbinicne
541 2881 765 2972 theologiee'
755 2909 793 2952 ιιι
817 2887 864 2957 N.
883 2891 928 2956 Τ.
961 2887 1228 2982 deprehendere

191 3002 260 3072 sibi
274 2999 337 3068 visi
355 3013 458 3081 sunt,
480 2999 516 3065 in
538 2995 580 3095 iis
601 2997 703 3066 etiam
719 2995 826 3084 locis,
856 2999 944 3094 quse
966 3030 1008 3072 ex
1027 3003 1100 3078 eliis
1118 3013 1226 3084 censis
1308 3057 1312 3074 ·

191 3115 299 3184 multo
318 3107 563 3202 expeditiorem
581 3111 899 3201 interpretationem
915 3113 1112 3197 admittunt.

226 3227 337 3318 Quod
362 3231 431 3315 jam
452 3225 742 3314 Ligbtiootio
762 3227 800 3298 in
821 3232 941 3300 Horis
966 3231 1166 3311 Hebraicis
1185 3262 1223 3316 et

95 3433 96 3436 Ἴ
122 3361 126 3370 “
194 3343 418 3414 Talmudicis
432 3337 617 3418 accidisse,
633 3325 855 3434 Carpzoii
866 3369 911 3414 us
930 3345 1045 3419 editor
1060 3353 1161 3442 hujus
1172 3359 1221 3426 li·

188 3457 244 3526 bri
257 3460 293 3524 in
310 3451 452 3545 epistola
471 3451 680 3522 dedicatoria
696 3473 793 3526 notet
804 3476 840 3526 et
856 3457 1047 3555 vituperat,
1067 3467 1105 3536 id
1116 3474 1219 3542 etiarn

184 3567 432 3638 recentioribus
462 3571 611 3660 ejusque
643 3567 781 3658 vestigio
815 3577 941 3644 secutis
971 3575 1220 3674 interpretibus

185 3684 231 3752 N.
253 3685 316 3762 Τ.,
346 3683 548 3751 nominatim
578 3681 871 3756 Bertboldtio
903 3693 941 3759 in
974 3693 1220 3791 christologia

184 3797 408 3878 Iudaeorum
430 3795 593 3866 eccidisse
620 3797 789 3868 videtur.·
822 3804 889 3873 Hic
917 3827 1034 3876 vocem
1059 3817 1217 3900 οἰκουμένη

127 3906 154 3995 “,
181 3914 364 3994 μέλλουσαι,
394 3936 479 3996 quae
497 3912 564 3979 hoc
586 3901 719 3980 'tantnm
738 3913 814 3981 loco
833 3917 868 3984 in
889 3919 930 3986 N.
952 3923 997 3988 Τ.
1018 3929 1214 4016 reperitur,

179 4049 246 4119 pro
257 4048 445 4116 synonymo
457 4049 532 4095 cnm
544 4033 615 4100 ator
625 4031 748 4114 μέλλων
763 4047 797 4097 et
812 4031 1002 4100 Rabbinico
1020 4045 1102 4150 κέζλ
1121 4013 1217 4156 ῃὲψ
